@unpublished{lelarge2013,
  author={Luis Garicano and Claire LeLarge and John Van Reenen},
  title={Firm Size Distortions and the Productivity Distribution: Evidence from France},
  year=2013,
  note={NBER Working Papers 18841},
}

@unpublished{Lashkaripour-mimeo-2016,
  author={Ahmad Lashkaripour},
  title={Worth its Weight in Gold: Product Weight, Trade Costs, and Trade Patterns},
  year={2016},
  month={April},
}

@unpublished{Lashkaripour-mimeo-2017,
  author={Ahmad Lashkaripour},
  title={Estimating the International Transport Cost Elasticity},
  year={2017},
  month={April},
  note= {Mimeo Department of Economics, Indiana University},
}

@TECHREPORT{tybout01,
  author = {James R. Tybout},
  year = 2001,
  title = {Plant- and Firm-Level Evidence on \&quot;New\&quot; Trade Theories},
  number = 8418,
  institution = {NBER},
  type = {Working Paper}
}

@TechReport{Hummels_1999,
  AUTHOR={Hummels, David},
  TITLE={Have International Transportation Costs Declined?},
  YEAR=1999,
  TYPE={Working Paper, Purdue University}

 @TechReport{Hummels_2001,
  AUTHOR={Hummels, David},
  TITLE={Towards a Geography of Trade Costs},
  YEAR=2001,
  TYPE={Working Paper, Purdue University}

@unpublished{bernardetal2013,
  author={Andrew Bernard and Marco Grazzi and Chiara Tomasi},
  title={Intermediaries in international trade: margins of trade and export flows},
  year=2013,
  note={unpublished manuscript}
}

@Article{crozetetal2013,
  author={Crozet, Matthieu and Lalanne, Guy and Poncet, Sandra},
  title={Wholesalers in international trade},
  journal={European Economic Review},
  year=2013,
  volume={58},
  number={C},
  pages={1-17}}

  @Article{Disdier_Head08,
  author={Anne-Celia Disdier and Keith Head},
  title={The Puzzling Persistence of the Distance Effect on Bilateral Trade},
  journal={The Review of Economics and Statistics},
  year=2008,
  volume={90},
  number={1},
  pages={37-48}}

  @Article{hummels_rie,
  author={David Hummels and Volodymyr Lugovskyy},
  title={Are Matched Partner Trade Statistics a Usable Measure of Transportation Costs?},
  journal={ Review of International Economics},
  year=2006,
  volume={14},
  number={1},
  pages={69-86}}


  @Article{Glaeser04,
  author={Edward L. Glaeser and Janet E. Kohlhase},
  title={Cities, regions and the decline of transport costs},
  journal={Papers in Regional Science},
  year=2004,
  volume={83},
  pages={197-228}}

@Article{sorensen2014,
  author={Sorensen, Allan},
  title={Additive versus multiplicative trade costs and the gains from trade},
  journal={Canadian Journal of Economics},
  year=2014,
  volume={47},
  number={3},
  pages={1032-1046}}


@unpublished{bernardetal2012,
  author={Bernard, Andrew B. and Blanchard, Emily and van Beveren, Ilke and Vandenbussche, Hylke},
  title={Carry-Along Trade},
  year={2012},
  note={CEPR Discussion Papers 9067}
  }

@Article{lawless_whelan2014,
  author={Martina Lawless and Karl Whelan},
  title={Where do firms export, how much, and why?},
  journal={World Economy},
  year=2014,
  volume={forthcoming}
  }

@Article{arkolakis2010,
  author={Costas Arkolakis},
  title={Market Penetration Costs and the New Consumers Margin in International Trade},
  journal={Journal of Political Economy},
  year=2010,
  volume={118},
  number={6},
  pages={1151 - 1199}
}

@Article{ahnetal2011,
  author={Ahn, JaeBin and Khandelwal, Amit K. and Wei, Shang-Jin},
  title={The role of intermediaries in facilitating trade},
  journal={Journal of International Economics},
  year=2011,
  volume={84},
  number={1},
  pages={73-85}
  }

@Article{Jacks08,
  author={David S. Jacks and Christopher M. Meissner and Dennis Novy},
  title={Trade Costs, 1870-2000},
  journal={American Economic Review, Papers and Proceedings},
  year=2008,
  volume={98},
  number={2},
  pages={529-534}
  }

@article{Hornok-et-al-RES-2015,
    title="Per-Shipment Costs and the Lumpiness of International Trade",
    author="Cecília Hornok and Miklós Koren",
    year=2015,
    journal="Review of Economics and Statistics",
    volume=97,
    number="2",
    pages="525-530"
}

@article{Hornok-et-al-JIE-2015,
    title="Administrative Barriers to Trade",
    author="Cecília Hornok and Miklós Koren",
    year=2015,
    journal="Journal of International Economics",
    volume=96,
    number="1",
    pages="110-122"
}

@article{Alessandria-et-al-AER-2010,
    title="Inventories, Lumpy Trade, and Large Devaluations",
    author="George Alessandria and Joseph Kaboski and Virgiliu Midrigan",
    year=2010,
    journal="American Economic Review",
    volume=100,
    number="5",
    pages="2304-39"
}

@Article{berthou_vicard2014,
  author={Antoine Berthou and Vincent Vicard},
  title={Firms' export dynamics: experience vs. size},
  journal={World Economy},
  year=2014,
  volume={forthcoming}
  }


@Article{ornelasetal2012,
  author={Albornoz, Facundo and Calvo Pardo, Héctor F. and Corcos, Gregory and Ornelas, Emanuel},
  title={Sequential exporting},
  journal={Journal of International Economics},
  year=2012,
  volume={88},
  number={1},
  pages={17-31}
  }

@Article{Irrazabal_2015,
  author={Alfonso Irarrazabal and Andreas Moxnes and Luca David Opromolla},
  title={The Tip of the Iceberg: A Quantitative Framework for Estimating Trade Costs},
  journal={The Review of Economics and Statistics},
  year=2015,
  volume={97},
  number = {4},
  pages = {777-792}
  }

@Article{hummels_klenow2005,
  author={Hummels, David and Klenow, Peter.},
  title={The Variety and Quality of a Nation's Exports},
  journal={American Economic Review},
  year=2005,
  volume={95},
  number={3},
  pages={704-723}}

  21 (2007)  pp. 131-154.

@Article{hummels2007,
  author={Hummels, David},
  title={Transportation Costs and International Trade in the Second Era of Globalization},
  journal={Journal of Economic Perspectives},
  year=2007,
  volume={21},
  number={3},
  pages={131-154}}

@Article{martin2012,
  author={Martin, Julien},
  title={Markups, Quality, and Transport Costs},
  journal={European Economic Review},
  year=2012,
  volume={56},
  pages={777-791}}

@Article{frankel_rose_EJ98,
  author={Frankel, Jeffrey A and Rose, Andrew K},
  title={The Endogeneity of the Optimum Currency Area Criteria},
  journal={Economic Journal},
  year=1998,
  volume={108},
  number={449},
  pages={1009-25}
}
@Article{baxter_JME,
  author={Baxter, Marianne and Kouparitsas, Michael A.},
  title={Determinants of business cycle comovement: a robust analysis},
  journal={Journal of Monetary Economics},
  year=2005,
  volume={52},
  number={1},
  pages={113-157}
  }



@Article{hur_raj_riyanto2006,
  author={Hur, Jung and Raj, Manoj and Riyanto, Yohanes},
  title={Finance and trade: A cross-country empirical analysis on the impact of financial development and asset tangibility on international trade},
  journal={World Development},
  year=2006,
  volume={34},
  number={10},
  pages={1728-1741}}

@UNPUBLISHED{forlani,
AUTHOR={Forlani, Emanuele},
TITLE={Firms Credit Constraints and Export Propensity},
YEAR=2008,
NOTE= {mimeo CORE / Universite Catholique de Louvain}
}

@UNPUBLISHED{Lashka15,
AUTHOR={Ahmad Lashkaripour},
TITLE={Worth its Weight in Gold: Product Weight, International Shipping, and Patterns of Trade},
YEAR=2015,
NOTE= {mimeo Indiana University}
}

@UNPUBLISHED{suwad,
AUTHOR={Suwantaradon, Ruanjai},
TITLE={Financial Frictions and International Trade},
YEAR=2008,
NOTE= {mimeo University of Minnesota}
}


@UNPUBLISHED{kohn2012,
AUTHOR={Kohn, D. and F. Leibovici and M. Szkup},
TITLE={Financial Frictions and New Exporter Dynamics},
YEAR=2012,
NOTE= {unpublished manuscript, New York University}
}

@Article{parketal,
  author={Albert Park and Dean Yang and Xinzheng Shi and Yuan Jiang},
  title={Exporting and Firm Performance: Chinese Exporters and the Asian Financial Crisis},
  journal={The Review of Economics and Statistics},
  year=2010,
  volume={92},
  number={4},
  pages={822-842}
  }


@Article{Froot,
  author={Froot, K. A.},
  title={Consistent covariance matrix estimation with cross-sectional
dependence and heteroskedasticity in financial data},
  journal={Journal of Financial and Quantitative Analysis},
  year=1989,
  volume={24},
pages={333-335}}

@Article{das_robert_tybout,
  author={Sanghamitra Das and Mark J. Roberts and James R. Tybout},
  title={Market Entry Costs, Producer Heterogeneity, and Export Dynamics},
  journal={Econometrica},
  year=2007,
  volume={75},
  number={3},
  pages={837-873}}

@Article{helpman_melitz_yeaple,
  author={Helpman, E. and Melitz, M. and Yeaple, S.},
  title={Export versus FDI with Heterogeneous Firms},
  journal={American Economic Review},
  year=2004,
  volume={94},
  number={1},
  pages={300-316}}




@Article{bernard_jensen99,
  author={Bernard, Andrew and Jensen, Bradford},
  title={Exceptional exporter performance: cause, effect, or both?},
  journal={Journal of International Economics},
  year=1999,
  volume={47},
  number={1},
  pages={1-25}}



@Article{demirguc_maksimovic,
  author={Demirguc-Kunt, Asli and Maksimovic, Vojislav },
  title={Law, Finance, and Firm Growth},
  journal={Journal of Finance},
  year=1998,
  volume={53},
  number={6},
  pages={2107-2137}}

  @Article{levine1999,
  author={Levine, Ross},
  title={Law, Finance, and Economic Growth},
  journal={Journal of Financial Intermediation},
  year=1999,
  volume={8},
  number={1-2},
  pages={8-35}}

    @Article{demidova,
  author={Demidova, Svetlana and Rodríguez-Clare, Andrés},
  title={The Simple Analytics of the Melitz Model in a Small Economy},
  journal={Journal of International Economics},
  year=2013,
  volume={90},
  number={2},
  pages={266-272}}

      @Article{cooley,
  author={Cooley, Thomas and Quadrini, Vincenzo},
  title={Financial Markets and Firm Dynamics},
  journal={ American Economic Review},
  year=2001,
  volume={91},
  number={5},
  pages={1286-1310}}

    @Article{minetti,
  author={Raoul Minetti and Susan Zhu},
  title={Credit constraints and firm export: Microeconomic evidence from Italy},
  journal={Journal of International Economics},
  year=2011,
  volume={83},
  number={2},
  pages={109-125}}

@Article{levine1998,
  author={Levine, Ross},
  title={The Legal Environment, Banks, and Long-Run Economic Growth},
  journal={Journal of Money, Credit and Banking},
  year=1998,
  volume={30},
  number={3},
  pages={596-613}}

@Article{dixit_stiglitz,
  author={Dixit, Avinash and Stiglitz, Joseph},
  title={Monopolistic Competition and Optimum Product Diversity},
  journal={American Economic Review},
  year=1977,
  volume={67},
  number={3},
  pages={297-308}}


  @Article{levine_al2000,
  author={Beck, Thorsten and Levine, Ross and Loayza, Norman },
  title={Financial intermediation and growth: Causality and causes},
  journal={Journal of Monetary Economics},
  year=2000,
  volume={46},
  number={1},
  pages={31-77}}


@Article{benhabib_spiegel,
  author={Benhabib, Jess and Spiegel, Mark},
  title={The Role of Financial Development in Growth and Investment},
  journal={Journal of Economic Growth},
  year=2000,
  volume={5},
  number={4},
  pages={341-60}}


@Article{beck_al2000,
  author={Beck, Thorsten and Levine, Ross and Loayza, Norman},
  title={Finance and the sources of growth},
  journal={Journal of Financial Economics},
  year=2000,
  volume={58},
  number={1-2},
  pages={261-300}
}

@Article{rioja_valev,
  author={Rioja, Felix and Valev, Neven},
  title={Does one size fit all?: a reexamination of the finance and growth relationship},
  journal={Journal of Development Economics},
  year=2004,
  volume={74},
  number={2},
  pages={429-447}}

@Article{cetorelli,
  author={Nicola Cetorelli},
  title={Banking Market Structure, Financial Dependence and Growth: International Evidence from Industry Data},
  journal={Journal of Finance},
  year=2001,
  volume={56},
  number={2},
  pages={617-648}
}


@Article{bertrand_al2007,
  author={Bertrand, Marianne and Schoar, Antoinette, Thesmar, David},
  title={ Banking Deregulation and Industry Structure: Evidence from the French Banking Reforms of 1985 },
  journal={Journal of Finance},
  year=2001,
  volume={62},
  number={2},
  pages={597-628}
}


@Article{samuelson1954,
  author={Samuelson, Paul},
  title={The Transfer Problem and Transport Costs, II: Analysis of Effects of Trade Impediments},
  journal={Economic Journal},
  year=1954,
  volume={64},
  pages={264-289}}

@Article{aghion_fally_scarpetta,
  author={Aghion, Philippe and Fally, Thibault and Scarpetta, Stefano },
  title={Credit constraints as a barrier to the entry and post-entry growth of firms},
  journal={Economic Policy},
  year=2007,
  volume={22}
  pages={731-779}}

@Article{hummels_skiba,
  author={Hummels, David and Skiba, Sasha},
  title={Shipping the Good Apples Out?  An Empirical Confirmation of the Alchian-Allen Conjecture},
  journal={Journal of Political Economy},
  year=2004,
  volume={112}
  pages={1384-1402}}

@BOOK{wooldridge2002,
AUTHOR={Wooldridge, J.},
TITLE={Econometric analysis of cross section and panel data},
PUBLISHER={Cambridge, MA: The MIT Press.},
YEAR={2002}}

@BOOK{alchian,
AUTHOR={Alchian, Armen A. and Allen, William R.},
TITLE={University Economics},
PUBLISHER={Belmont, CA: Wadsworth Publishing Company},
YEAR={1964}}



@BOOK{helpman_krugman85,
AUTHOR={Helpman, E. and Krugman, P.},
TITLE={Market Structure and Foreign Trade},
PUBLISHER={Cambridge, MA: The MIT Press.},
YEAR={1985}}






@Article{Miller1998,
  author={Miller, M.H.},
  title={Financial Markets and Economic Growth},
  journal={Journal of Applied Corporate Finance},
  year=1998,
  volume={1}
  pages={8-14}}

@Article{bernanke_gertler1989,
  author={Bernanke, Ben and Gertler, Mark},
  title={Agency Costs, Net Worth, and Business Fluctuations},
  journal={American Economic Review},
  year=1989,
  volume={79},
  number={1},
  pages={14-31}}


  @Article{kiyotaki_moore1997,
  author={Kiyotaki, Nobuhiro and Moore, John},
  title={Credit Cycles},
  journal={Journal of Political Economy},
  year=1997,
  volume={105},
  number={2},
  pages={211-48}}



@BOOK{aghion_banerjee05,
AUTHOR={Aghion, P. and Banerjee, A.},
TITLE={Volatility and Growth},
PUBLISHER={Oxford: Oxford University Press.},
YEAR={2005}}

@Article{matsuyama2005,
  AUTHOR={Kiminori Matsuyama},
  TITLE={Credit Market Imperfections and Patterns of International Trade and Capital Flows},
  JOURNAL={Journal of the European Economic Association},
  YEAR=2005,
  VOLUME={3},
  NUMBER={2-3},
  PAGES={714-723}}

  @Article{greenwood_jovanovic1990,
  AUTHOR={Greenwood, Jeremy and Jovanovic, Boyan},
  TITLE={Financial Development, Growth, and the Distribution of Income},
  JOURNAL={Journal of Political Economy},
  YEAR=1990,
  VOLUME={98},
  NUMBER={5},
  PAGES={1076-1107}}


  @Article{king_levine1993,
  AUTHOR={King, Robert and Levine, Ross},
  TITLE={Finance, entrepreneurship and growth: Theory and evidence},
  JOURNAL={Journal of Monetary Economics},
  YEAR=1993,
  VOLUME={32},
  NUMBER={3},
  PAGES={513-542}}


@Article{levine1991,
  AUTHOR={Levine, Ross},
  TITLE={ Stock Markets, Growth, and Tax Policy},
  JOURNAL={Journal of Finance},
  YEAR=1991,
  VOLUME={46},
  NUMBER={4},
  PAGES={1445-65}}



@Article{ang2008,
  AUTHOR={Ang, James},
  TITLE={A Survey of Recent Developments in the Literature of Finance and Growth},
  JOURNAL={Journal of Economic Surveys},
  YEAR=2008,
  VOLUME={Forthcoming}}


  @TechReport{levine2008,
  AUTHOR={Levine, Ross and Demirguc-Kunt, Asli},
  TITLE={Finance, financial sector policies, and long-run growth},
  YEAR=2008,
  INSTITUTION={The World Bank},
  TYPE={Policy Research Working Paper Series}
  NUMBER={4469}
}











@ARTICLE{helpman_melitz,
AUTHOR=     "Helpman, E. and Melitz, M. and Rubinstein, Y.",
TITLE=      "Trading Partners and Trading Volumes",
JOURNAL=    "Quarterly Journal of Economics",
YEAR=       "2008",
VOLUME=     "123"
NUMBER=     "2"
PAGES=73-100}

@ARTICLE{stock_wright_yogo,
AUTHOR=     "Stock, J. and Wright, J. and Yogo, M.",
TITLE=      "A Survey of Weak Instruments and Weak Identification in Generalized Method of Moments",
JOURNAL=    "Journal of Business and Economic Statistics",
YEAR=       "2002",
VOLUME=     "20"
NUMBER=     "4"
PAGES=557-586}

  @TechReport{levine2008,
  AUTHOR={Levine, Ross and Demirguc-Kunt, Asli},
  TITLE={Finance, financial sector policies, and long-run growth},
  YEAR=2008,
  INSTITUTION={The World Bank},
  TYPE={Policy Research Working Paper Series}
  NUMBER={4469}
}

@TechReport{bound,
AUTHOR=     "Bound, John and Jaeger, David A. and Baker, R.",
TITLE=      "The Cure Can Be Worse than the Disease: A Cautionary Tale Regarding Instrumental Variables.",
YEAR=       "1993",
INSTITUTION= "NBER"
TYPE={Technical Working Paper}
PAGES=137}

@ARTICLE{bound2,
AUTHOR=     "Bound, John and Jaeger, David A. and Baker, R.",
TITLE=      "Problems with Instrumental Variables Estimation when the Correlation Between the Instruments and the Endogenous Explanatory Variables is Weak.",
JOURNAL=    "Journal of the American Statistical Association",
YEAR=       "1995",
VOLUME=     "90"
NUMBER=     "4"
PAGES=443-450}


@ARTICLE{chao,
AUTHOR=     "Chao, John C. and Swanson, Norman R.",
TITLE=      "Consistent Estimation with a Large Number of Weak Instruments",
JOURNAL=    "Econometrica",
YEAR=       "2005",
VOLUME=     "73"
NUMBER=     "5"
PAGES=1673-1692}

@ARTICLE{staiger,
AUTHOR=     "Staiger, D. and Stock, J.",
TITLE=      "Instrumental Variables Regression with Weak Instruments",
JOURNAL=    "Econometrica",
YEAR=       "1997",
VOLUME=     "65"
NUMBER=     "3"
PAGES=518-529}


@InCollection{yogo,
AUTHOR={James H. Stock and Motohiro Yogo},
EDITOR={Donald W.K. Andrews and James H. Stock},
TITLE={Testing for Weak Instruments in Linear IV Regression},
BOOKTITLE={Identification and Inference for Econometric Models: Essays in Honor of Thomas Rothenberg},
PUBLISHER={Cambridge: Cambridge University Press},
YEAR={2005}}
%PAGES={80108}}

@InCollection{hummels2010,
AUTHOR={David Hummels},
EDITOR={B. Hoekman and G. Porto},
TITLE={Transportation Costs and Adjustment to Trade},
BOOKTITLE={Trade Adjustment Costs in Developing Countries: Impacts, Determinants and Policy Responses},
PUBLISHER={London: Center for Economic Policy Research},
YEAR={2010}
PAGES={255-264}}

@InCollection{Schiantarelli95,
AUTHOR={Fabio Schiantarelli},
EDITOR={Joe Peek and Eric Rosengreen},
TITLE={Financial Constraints and Investment: A Critical Review of
Methodological Issues and International Evidence},
BOOKTITLE={Is Bank Lending Important for the Transmission
of Monetary Policy?},
PUBLISHER={Boston, MA: Federal Reserve Bank of Boston},
YEAR={1995}}
%PAGES={80108}}

@InCollection{Blundell,
AUTHOR={Blundell, R. and Bond, S. R. and Meghir, C.},
EDITOR={Laszlo Matyas and Patrick Sevestre},
TITLE={Econometric Models of Company
Investment},
BOOKTITLE={The Econometrics
of Panel Data: A Handbook of the Theory with Applications, Advanced
Studies in Theoretical and Applied Econometrics, Volume 33},
PUBLISHER={Kluwer Academic Publishers},
YEAR={1996}}
%PAGES={80108}}

 % @BOOK{Blundell,
%AUTHOR={Blundell, R. and Bond, S. R. and Meghir, C.},
%TITLE={Econometric Models of Company
%Investment: A Handbook of the Theory with Applications},
%PUBLISHER={Advanced Studies
%in Theoretical and Applied Econometrics, Volume 33, Kluwer Academic
%Publishers.},
%YEAR={1996}}

@ARTICLE{Schiantarelli,
AUTHOR=     "Schiantarelli, F.",
TITLE=      "Financial constraints and investment: Methodological issues
and international evidence",
JOURNAL=    "Oxford Review of Economic Policy",
YEAR=       "1996",
VOLUME=     "12"
NUMBER=     "2"
PAGES=70-89}


@ARTICLE{manova2013,
AUTHOR=     {Manova, Kalina},
TITLE=      {Credit Constraints, Heterogeneous Firms and International Trade},
JOURNAL=    {Review of Economic Studies},
YEAR=       {2013},
VOLUME={80},
PAGES={711-744}
}

@UNPUBLISHED{berthou,
AUTHOR={Antoine Berthou},
TITLE={Credit Constraints and Zero Trade Flows: the Role of Financial Development},
YEAR=2006,
NOTE= {mimeo University of Paris I}
}

@UNPUBLISHED{manova2007,
AUTHOR= {Manova, Kalina},
TITLE={Credit Constraints, Heterogeneous Firms and International Trade},
YEAR=2007,
NOTE= {mimeo Harvard University }
}

@UNPUBLISHED{soderby2011,
AUTHOR= {Soderby, Anson},
TITLE={Market size, Structure, and Access: Capacity constraints and trade},
YEAR=2011,
NOTE= {unpublished manuscript}
}

@UNPUBLISHED{nguyenshaur2011,
AUTHOR= {Nguyen, Daniel and Schaur, Georg},
TITLE={Cost linkages transmit volatility across markets},
YEAR=2011,
NOTE= {unpublished manuscript}
}

@UNPUBLISHED{mcquoidrubini2014,
AUTHOR= {McQuoid, Alexander and Loris Rubini},
TITLE={The opportunity cost of exporting},
YEAR=2014,
NOTE= {unpublished manuscript}
}

@Article{ekholm_JIE,
  author={Ekholm, Karolina and Moxnes, Andreas and Ulltveit-Moe, Karen-Helene},
  title={Manufacturing restructuring and the role of Real exchange rate shocks: A firm level analysis},
  journal={Journal of International Economics},
  year=2012,
  VOLUME={86},
NUMBER={1},
PAGES={101-117}
  }

@Article{hummels_AER,
AUTHOR= {Hummels, David and Jorgensen, Rasmus and Munch, Jakob and Xiang, Chong},
TITLE={The Wage and Employment Effects of Outsourcing: Evidence from Danish Matched Worker-Firm Data },
YEAR=2013,
journal={American Economic Review},
  year=2013,
  VOLUME={forth.}
  }


  @Article{cristea_etal2013,
  author={Cristea, Anca and Hummels, David and Puzzello, Laura and Avetisyan, Misak},
  title={{Trade and the greenhouse gas emissions from international freight transport}},
  journal={Journal of Environmental Economics and Management},
  year=2013,
  volume={65},
  number={1},
  pages={153-173}
  }




@UNPUBLISHED{berman_hericourtb,
AUTHOR= {Berman, Nicolas and H\'ericourt, J\'er\^ome},
TITLE={Debt denomination, exchange rate movements and the margins of trade: micro evidence},
YEAR=2008,
NOTE= {manuscript University Paris I}
}

@Article{burstein_kurz_tesar,
  author={Burstein, Ariel and Kurz, Christopher and Tesar, Linda},
  title={Trade, production sharing, and the international transmission of business cycles},
  journal={Journal of Monetary Economics},
  year=2008,
  volume={55},
  number={4},
  pages={775-795}
}


@UNPUBLISHED{soderbery2011,
AUTHOR= {Soderbery, A.},
TITLE={Market Size, Structure, and Access: Trade with Capacity
Constraints},
YEAR=2012,
NOTE= {mimeo, Purdue University}
}

@Article{soderbery_EER,
  author={Soderbery, Anson},
  title={Market size, Structure, and Access: Capacity constraints and trade},
  journal={European Economic Review},
  year=2014,
  VOLUME={forthcoming}
  }

@UNPUBLISHED{jaebin2012,
AUTHOR= {Ahn, JB and McQuoid, A.},
TITLE={Capacity Constrained Exporters: Micro Evidence and Macro Implications},
YEAR=2012,
NOTE= {mimeo, International Monetary Fund}
}

%\citealp{jaebin2012}



@UNPUBLISHED{hanson_bergin_feenstra,
AUTHOR= {Bergin, Paul and Feenstra, Robert and Hanson, Gordon},
TITLE={Volatility due to Outsourcing: Theory and Evidence},
YEAR=2009,
NOTE= {mimeo}
}

@Article{Vannoor10,
AUTHOR= {Vannoorenberghe, G.},
TITLE={Firm volatility and exports},
journal={Journal of International Economics},
  year=2012,
  volume={86},
  number={1},
  pages={57-67}
}

@UNPUBLISHED{Albornoz,
AUTHOR= {Albornoz, F. and Calvo Pardo, H. and Corcos, G. and Ornelas, E.},
TITLE={Sequential Exporting},
YEAR=2009,
NOTE= {mimeo, London School of Economics}
}


@UNPUBLISHED{berthou08,
AUTHOR= {Berthou, A.},
TITLE={Real Exchange Rate Movements and Bilateral Exports: the Dampening Effect of Trade Costs},
YEAR=2008,
NOTE= {mimeo University Paris I}
}


%@Article{berman_hericourt,
  %author={Berman, Nicolas and H\'ericourt, J\'er\^ome},
  %title={Financial Constraints and the Margins of Trade: Evidence from Cross-Country Firm-Level Data},
  %journal={Journal of Development economics, forthcoming.},
  %year=2010}

  @Article{defever,
  author={Defever, Fabrice and Toubal, Farid},
  title={Productivity, relationship-specific inputs and the sourcing modes of multinationals},
  journal={Journal of Economic Behavior \& Organization, forthcoming.},
  year=2013}

@TechReport{berman_hericourt,
  AUTHOR={Berman, Nicolas and H\'ericourt, J\'er\^ome},
  TITLE={Financial Constraints and the Margins of Trade: Evidence from Cross-Country Firm-Level Data},
  YEAR=2008,
  TYPE={Working paper 2008-50, Centre d'Economie de la Sorbonne University of Paris 1.}}

@UNPUBLISHED{berman_hericourt,
AUTHOR= {Berman, Nicolas and H\'ericourt, J\'er\^ome},
TITLE={Financial Constraints and the Margins of Trade: Evidence from Cross-Country Firm-Level Data},
YEAR=2008,
NOTE= {mimeo}
}

@UNPUBLISHED{chaney,
AUTHOR= {Chaney, Thomas},
TITLE={Liquidity Constrained Exporters},
YEAR=2005,
NOTE= {mimeo, University of Chicago}
}

@UNPUBLISHED{Chaney13,
AUTHOR={Chaney, Thomas},
TITLE={Liquidity Constrained Exporters},
YEAR=2013,
NOTE={NBER Working Papers 19170}
}

@Article{anderson_wincoop,
  author={Anderson, J.E. and Van Wincoop, Eric},
  title={Gravity with Gravitas: A Solution to the Border Puzzle},
  journal={American Economic Review},
  year=2003,
  volume={93},
  number={1},
  pages={170-192}}

@Article{anderson_wincoop_jel,
  author={Anderson, J.E. and Van Wincoop, Eric},
  title={Trade Costs},
  journal={Journal of Economic Literature},
  year=2004,
  volume={42},
  number={3},
  pages={691-751}}

@Article{combes_lafourcade,
  author={Combes, P.-P. and Lafourcade, Miren},
  title={Transport Costs: Measures, Determinants and Regional Policy Implications for France},
  journal={Journal of Economic Geography},
  year=2005,
  volume={5},
  pages={319-349}}


@Article{novy13,
  author={Novy, Dennis},
  title={Gravity Redux: Measuring International Trade Costs with Panel Data},
  journal={Economic Inquiry},
  year=2013,
  volume={51},
  number={1},
  pages={101-121}}


  @Article{chen_novy,
  author={Chen, Natahlie and Novy, Dennis},
  title={On the Measurement of Trade Costs: Direct vs. Indirect Approaches to Quantifying Standards and Technical Regulations},
  journal={World Trade Review},
  year=2012,
  volume={11},
  number={3},
  pages={401-414}}

  @Article{limao_venables,
  author={Limao, Nuno and Venables, Anthony},
  title={Infrastructure, Geographical Disadvantage, Transport Costs and Trade},
  journal={World Bank Economic Review},
  year=2001,
  volume={15},
  number={3},
  pages={451-479}}


@Article{harrison2004,
  author={Harrison, A. and McMillan, M. and Love, I.},
  title={Global Capital Flows and Financing
Constraints},
  journal={Journal of Development Economics},
  year=2004,
  volume={75},
  number={1},
  pages={269-301}}


@BOOK{Blundell,
AUTHOR={Blundell, R. and Bond, S. R. and Meghir, C.},
TITLE={Econometric Models of Company
Investment: A Handbook of the Theory with Applications},
PUBLISHER={Advanced Studies
in Theoretical and Applied Econometrics, Volume 33, Kluwer Academic
Publishers.},
YEAR={1996}}


@Article{lucas88,
  author={Lucas, Robert Jr.},
  title={On the mechanics of economic development},
  journal={Journal of Monetary Economics},
  year=1988,
  volume={22},
  number={1},
  pages={3-42}
}


@BOOK{robinson,
AUTHOR={Robinson, Joan},
TITLE={The Generalization of the General Theory},
PUBLISHER={In: the Rate of Interest and
Other Essays, London: MacMillan.},
YEAR={1952}}


@BOOK{goldsmith69,
AUTHOR={Goldsmith, R.W.},
TITLE={Financial Structure and Development},
PUBLISHER={New Haven, CT: Yale
University Press.},
YEAR={1969}}

  @Article{gurley_shaw,
AUTHOR = {Gurley, John and Shaw, E.},
     TITLE = {Financial Aspects of Economic Development},
JOURNAL = {The American Economic Review},
VOLUME = {45},
     NUMBER = {4},
     PAGES = {515-538},
     YEAR = {1955}
    }



@TechReport{matsuyama2004,
  AUTHOR={Freitas, Kripa and Matsuyama, Kiminori},
  TITLE={Corporate Governance and Patterns of International Trade},
  YEAR=2004,
  TYPE={Working paper, Northwestern University}
}

@Article{wasmer_weil,
  author={Wasmer, E. and Weil, P.},
  title={The Macroeconomics of Labor and Credit Market Imperfections},
  journal={American Economic Review},
  year=2004,
  volume={94},
  number={4},
  pages={944-963}}




@TechReport{mastsuyama2007,
  author={Matsuyama, Kiminori},
  title={Aggregate Implications of Credit Market Imperfections},
  year=2007,
   type={NBER Working Papers}
  number={13209}
}


@TechReport{sorensen2012,
  author={Sorensen, Allan},
  title={Additive versus multiplicative trade costs and the gains from trade},
  year=2012,
   type={Aarhus University Economics Working Papers}
  number={2012-07}
}

@BOOK{schumpeter1912,
AUTHOR={Schumpeter, Joseph},
TITLE={Theorie der Wirtschaftlichen Entwicklung. Leipzig: Dunker \&
Humblot},
PUBLISHER={The Theory of Economic Development, 1912, translated by R. Opie.
Cambridge, MA: Harvard University Press, 1934.},
YEAR={1912}}


@BOOK{hicks69,
AUTHOR={Hicks, J.},
TITLE={A Theory of Economic History},
PUBLISHER={Oxford: Clarendon Press.},
YEAR={1969}
}


@InCollection{levine05,
  author={Levine, Ross},
  editor={Philippe Aghion and Steven Durlauf},
  title={Finance and Growth: Theory and Evidence},
  booktitle={Handbook of Economic Growth},
  publisher={Elsevier},
  year={2005},
  volume={1},
  chapter={12},
  pages={865-934}
}


}


@BOOK{pagan,
AUTHOR={Pagan, A.},
TITLE={Model Evaluation by Variable Addition},
PUBLISHER={in D.F. Hendry and K.F. Wallis (eds) Econometrics and Quantitative Economics,Blackwell: Oxford, chapter 5,103-134},
YEAR={1984}}



@BOOK{wooldrigde,
AUTHOR={Wooldrigde, J.},
TITLE={Econometric Analysis of Cross Section and Panel Data},
PUBLISHER={Cambridge, MA: MIT Press},
YEAR={2002}}

@UNPUBLISHED{beaac,
AUTHOR= {Aghion, Philippe and Askenazy, Philippe and Berman, Nicolas and Cette, Gilbert and Eymard, Laurent},
TITLE={Credit Constraints and the cyclicality of R\&D investment: Evidence from France},
YEAR=2008,
NOTE= {Harvard University Working Paper 2007-4, Banque de France Working Paper no. 198, PSE Working Paper 2008-06}
}

@UNPUBLISHED{buch1,
AUTHOR= {Buch, Claudia and Kesternich, Iris, and Lipponer, Alexandra, and Schnitzer, Monika},
TITLE={Financial Constraints and the Margins of FDI},
YEAR=2009,
NOTE= {Deutsche Bundesbank Discussion Paper 29-2009}
}

@UNPUBLISHED{bmm2,
AUTHOR= {Berman, Nicolas and Martin, Philippe and Mayer, Thierry},
TITLE={How do Different Exporters React to Exchange Rate Changes? Theory, empirics and aggregate implications},
YEAR=2009,
NOTE= {CEPR Discussion Paper 7493}
}


@UNPUBLISHED{berman07,
AUTHOR= {Berman, N.},
TITLE={Financial Crises and International Trade: The Long Way to Recovery},
YEAR=2007,
NOTE= {manuscript, University Paris I.}
}


@UNPUBLISHED{bmm,
AUTHOR= {Berman, N. and Martin, P. and Mayer, T.},
TITLE={Exchange rate and Exports: Real Exporters Don't Care},
YEAR=2008,
NOTE= {in progress}
}

@UNPUBLISHED{Claessens,
AUTHOR= {Claessens,  S. and K. Tzioumis},
TITLE={Measuring firms' access to
finance},
YEAR=2006,
NOTE= {World Bank}
}

@ARTICLE{harrison,
AUTHOR={Harrison, A. and McMillan, M.},
TITLE={Does direct foreign investment affect
domestic firm credit constraints?},
JOURNAL={Journal of
International Economics},
YEAR={2003},
VOLUME={ 61},
NUMBER={1},
PAGES={73-100},
}



@ARTICLE{berman_berthou,
AUTHOR={Berman, N. and Berthou, A.},
TITLE={Financial market imperfections and the impact of exchange rate movements on exports},
JOURNAL={Review of
International Economics},
YEAR={2008},
VOLUME={forthcoming}
}

@ARTICLE{Hubbard,
AUTHOR={Hubbard, G.},
TITLE={Capital Market Imperfections and
Investment},
JOURNAL={Journal of Economic Literature},
YEAR=1998,
VOLUME={36},
NUMBER={3},
PAGES={193-225},
}
@ARTICLE{Bond,
AUTHOR={Bond, S. R. and C. Meghir.},
TITLE={Dynamic Investment Models and the Firm's
Financial Policy},
JOURNAL={Review of Economic Studies},
YEAR=1994,
VOLUME={61},
PAGES={197-222},
}



@Article{braun_larrain,
  author={Matías Braun and Larrain, Borja},
  title={Finance and the Business Cycle: International, Inter-Industry Evidence},
  journal={Journal of Finance},
  year=2005,
  volume={60},
  number={3},
  pages={1097-1128}
}



@ARTICLE{melitz,
AUTHOR={Melitz, M.},
TITLE={The Impact of Trade on Intra-Industry Reallocations and Aggregate Industry Productivity},
JOURNAL={Econometrica},
YEAR=2003,
VOLUME={71},
NUMBER={6},
PAGES={1695-1725},
}

@ARTICLE{aghiar,
AUTHOR={Aguiar, Mark},
TITLE={Investment, devaluation, and foreign currency exposure: The case of Mexico},
JOURNAL={Journal of Development Economics},
YEAR=2005,
VOLUME={78},
NUMBER={1},
PAGES={95-113}
}


@ARTICLE{blanchard,
AUTHOR={Olivier Blanchard},
TITLE={Comment},
JOURNAL={Journal of Business and Economic Statistics},
YEAR=1987,
VOLUME={5},
PAGES={449-451},
}


@ARTICLE{obrien,
AUTHOR={O'Brien, R.},
TITLE={A caution regarding rules of thumb for variance inflation factors},
JOURNAL={Quality and Quantity},
YEAR=2007,
VOLUME={41},
NUMBER={5},
PAGES={673-690}
}



@ARTICLE{moulton86,
AUTHOR={Moulton, B.},
TITLE={Random Group Effects and the Precision of Regression Estimates},
JOURNAL={Journal of Econometrics},
YEAR=1986,
VOLUME={32},
NUMBER={3},
PAGES={385-397}
}



@ARTICLE{moulton90,
AUTHOR={Moulton, B.},
TITLE={An Illustration of a Pitfall in Estimating the Effects of Aggregate
Variables on Micro Units},
JOURNAL={The Review of Economics and Statistics},
YEAR=1990,
VOLUME={72},
NUMBER={2},
PAGES={334-338}
}



@ARTICLE{rogers,
AUTHOR={Rogers, W.},
TITLE={Regression standard errors in clustered samples},
JOURNAL={Stata Technical Bulletin},
YEAR=1993,
VOLUME={13},
PAGES={19-23}
}

@Article{meese_rogoff,
  author={Meese, R. and Rogoff, K.},
  title={Empirical Exchange Rate Models of the Seventies: Do They Fit Out of Sample?},
  journal={Journal of International Economics},
  year=1983,
  volume={14}
  pages={3-24}}

@TechReport{baxter_stockman,
  author={Baxter, Marianne and Stockman, Alan},
  title={Business Cycles and the Exchange Rate System: Some International Evidence},
  year=1990,
  type={NBER Working Paper}
}

@Article{flood_rose95,
  author={Flood, Robert and Rose, Andrew },
  title={Fixing exchange rates A virtual quest for fundamentals},
  journal={Journal of Monetary Economics},
  year=1995,
  volume={36},
  number={1},
  pages={3-37}}

@Article{fitzgerald,
  author={Doireann Fitzgerald},
  title={Can Trade Costs Explain Why Exchange Rate Volatility Doesn't Feed into Consumer Prices?},
  journal={Journal of Monetary Economics},
  year=2008,
  volume={Forthcoming}}

@Article{atkeson_burstein2008,
  author={Atkeson, A. and Burstein, A.},
  title={Pricing to Market, Trade Costs, and International Relative Prices},
  journal={American Economic Review},
  year=2008,
  volume={Forthcoming}}



@Article{hall2002,
  author={Bronwyn H. Hall},
  title={The Financing of Research and Development},
  journal={Oxford Review of Economic Policy},
  year=2002,
  volume={18},
  number={1},
  pages={35-51}}

@Article{himmelberg_petersen1994,
  author={Himmelberg, Charles and Petersen, Bruce },
  title={R\&D and Internal Finance: A Panel Study of Small Firms in High-Tech Industries},
  journal={The Review of Economics and Statistics},
  year=1994,
  volume={76},
  number={1},
  pages={38-51}}



@TechReport{bilbii_ghironi_melitz2007,
  author={Bilbiie, Florin and Ghironi, Fabio and Melitz, Marc},
  title={Monetary Policy and Business Cycles with Endogenous Entry and Product Variety},
  year=2007,
  type={NBER Working Papers}
  number={13199}
}

@Article{bernanke_gertler_gilchrist,
  author={Bernanke, Ben and Gertler, Mark and Gilchrist, Simon},
  title={The Financial Accelerator and the Flight to Quality},
  journal={The Review of Economics and Statistics},
  year=1996,
  volume={78},
  number={1},
  pages={1-15}}


@Article{fisher1933,
  author={Fisher, Irving},
  title={The debt-deflation Theory of Great Depression},
  journal={Econometrica},
  year=1933,
  volume={1},
  number={5},
  pages={337-57}}





@ARTICLE{ghironi,
AUTHOR={Ghironi, F. and Melitz, M.},
TITLE={International Trade and Macroeconomic Dynamics with Heterogeneous Firms},
JOURNAL={Quarterly Journal of Economics},
YEAR=2005,
VOLUME={120},
PAGES={865-915}
}


@UNPUBLISHED{martin07,
AUTHOR= {Corsetti, Giancarlo and Martin, Philippe, and Pesenti, Paolo },
TITLE={Varieties and imbalances: the extensive margins of the current account adjustment},
YEAR=2007,
NOTE= {NBER Working Paper 13795}
}

@Article{martin2007jie,
  author={Corsetti, Giancarlo and Martin, Philippe and Pesenti, Paolo},
  title={Productivity, terms of trade and the `home market effect'},
  journal={Journal of International Economics},
  year=2007,
  volume={73},
  number={1},
  pages={99-127}}




@UNPUBLISHED{berman,
AUTHOR= {Nicolas Berman},
TITLE={Financial Crises and International Trade: The Long Way to Recovery},
YEAR=2007,
NOTE= {mimeo University of Paris 1}
}

@ARTICLE{rajan,
AUTHOR={Rajan, Raghuram G and Zingales, Luigi},
TITLE={Financial Dependence and Growth},
JOURNAL={American Economic Review},
YEAR=1998,
VOLUME={88},
NUMBER={3},
PAGES={559-86}
}

@ARTICLE{kramarz,
AUTHOR={Eaton, Jonathan and Kortum, Samuel and Kramarz, Francis },
TITLE={Dissecting Trade: Firms, Industries, and Export Destinations},
JOURNAL={American Economic Review Papers and Proceedings},
YEAR=2004,
VOLUME={94},
NUMBER={2},
PAGES={150-154}
}

@Article{eaton11,
  author={Eaton, Jonathan and Kortum, Samuel and Kramarz, Francis },
  title={An Anatomy of International Trade: Evidence from French Firms},
  journal={Econometrica},
  YEAR=2011,
  VOLUME={79},
NUMBER={5},
PAGES={1453-1498}}

@Article{hubbard_jel,
  author={R. Glenn Hubbard},
  title={Capital-Market Imperfections and Investment},
  journal={Journal of Economic Literature},
  year=1998,
  volume={36},
  number={1},
  pages={193-225}}




@ARTICLE{pavcnik2002,
AUTHOR={Pavcnik, Nina},
TITLE={Trade Liberalization, Exit, and Productivity Improvements:  Evidence from Chilean Plants},
JOURNAL={The Review of Economic Studies},
YEAR=2002,
VOLUME={69},
NUMBER={},
PAGES={245-76}
}


@Article{aw_chung_roberts2003,
  author={Aw, Bee Yan and Chung, Sukkyun and Roberts, Mark},
  title={Productivity, output, and failure: a comparison of taiwanese and korean manufacturers},
  journal={Economic Journal},
  year=2003,
  volume={113},
  number={491},
  pages={485-510}}


@Article{cleride_lach_tybout,
  author={Clerides, Sofronis and Lach, Saul and Tybout, James},
  title={Is Learning By Exporting Important? Micro-Dynamic Evidence From Colombia, Mexico, And Morocco},
  journal={The Quarterly Journal of Economics},
  year=1998,
  volume={113},
  number={3},
  pages={903-947}}

@Article{roberet_tybout1997,
  author={Roberts, Mark and Tybout, James },
  title={The Decision to Export in Colombia: An Empirical Model of Entry with Sunk Costs},
  journal={American Economic Review},
  year=1997,
  volume={87},
  number={4},
  pages={545-64}}

@TechReport{baldwin2005,
  author={Richard Baldwin},
  title={Heterogeneous Firms and Trade: Testable and Untestable Properties of the Melitz Model},
  year=2005,
  type={NBER Working Papers}
    number={11471}
}





@ARTICLE{jensen,
AUTHOR={Andrew B. Bernard and J. Bradford Jensen},
TITLE={Why Some Firms Export?},
JOURNAL={The Review of Economics and Statistics},
YEAR=2004,
VOLUME={86},
NUMBER={2},
PAGES={561-569}}

@UNPUBLISHED{redding1,
AUTHOR={Andrew B. Bernard and Stephen J. Redding and Peter K. Schott},
TITLE={Multi-Product Firms and Product Switching},
YEAR=2006,
NOTE={NBER Working Papers 12293}
}

@UNPUBLISHED{crozet_milet,
AUTHOR={Crozet, Matthieu and Milet, Emmanuel and Mirza, Daniel},
TITLE={The Discriminatory Effect of Domestic Regulations on International Services Trade: Evidence from Firm-level Data},
YEAR=2012,
NOTE={CEPII Working Papers 2012-02}
}

@Article{devereux_engel,
  author={Devereux, Michael and Engel, Charles and Storgaard, Peter },
  title={Endogenous exchange rate pass-through when nominal prices are set in advance},
  journal={Journal of International Economics},
  year=2004,
  volume={63},
  number={2},
  pages={263-291}}




@ARTICLE{cook_devereux,
  author={Cook, David and Devereux, Michael B.},
  title={External currency pricing and the East Asian crisis},
  journal={Journal of International Economics},
  year=2006,
  volume={69},
  number={1},
  pages={37-63}}

@UNPUBLISHED{redding2,
AUTHOR={Andrew B. Bernard and Stephen J. Redding and Peter K. Schott},
TITLE={Multi-Product Firms and Trade Liberalization},
YEAR=2006,
NOTE={NBER Working Papers 12782}
}

@ARTICLE{greenaway,
AUTHOR={Greenaway, David and Guariglia, Alessandra and Kneller, Richard},
TITLE={Financial Factors and Exporting Decisions},
JOURNAL={Journal of International Economics},
YEAR=2007,
VOLUME={73},
NUMBER={2},
PAGES={377-395}
}


@ARTICLE{norton,
AUTHOR={Ai, Chunrong and Norton, Edward C.},
TITLE={Interaction terms in logit and probit models},
JOURNAL={Economic Letters},
YEAR=2003,
VOLUME={80},
NUMBER={1},
PAGES={123-129}
}

@BOOK{verbeek,
AUTHOR={Verbeek, M.},
TITLE={ Guide to Modern Econometrics},
PUBLISHER={London: John Wiley and Sons, 2nd edition},
YEAR={2004}}



@BOOK{gujarati,
AUTHOR={D. Gujarati},
TITLE={ Basic Econometrics, 4th edition},
PUBLISHER={The McGraw-Hill Company},
YEAR={2004}}


@ARTICLE{roper,
AUTHOR={Roper, S. and Love, J.H.},
TITLE={Innovation and export performance: evidence from the UK and German manufacturing plants},
JOURNAL={Research Policy},
YEAR=2002,
VOLUME={31},
NUMBER={7},
PAGES={1087-1102}
}

@ARTICLE{love,
AUTHOR={Inessa Love},
TITLE={Financial Development and Financing Constraints:
International Evidence from the Structural Investment Model},
JOURNAL={Review of Financial Studies},
YEAR=2003,
VOLUME={16},
NUMBER={3},
PAGES={135-161}
}

@ARTICLE{lachenmaier,
AUTHOR={Lachenmaier, S. and Woessmann, L. },
TITLE={Does innovation cause exports? Evidence from exogenous innovation impulses and obstacles using German micro data},
JOURNAL={Oxford Economic Papers},
YEAR=2006,
VOLUME={58},
NUMBER={2},
PAGES={317-350}
}


@ARTICLE{king,
AUTHOR={King, R. G. and Levine, R.},
TITLE={Finance and Growth: Schumpeter Might Be Right},
JOURNAL={The Quarterly Journal of Economics},
YEAR=1993,
VOLUME={108},
NUMBER={3},
PAGES={717-37}
}


@UNPUBLISHED{aghion05,
AUTHOR= "Aghion, P. and Angeletos, J.M. and Banerjee, A. and Manova, K.",
TITLE=  "Volatility and Growth: Credit Constraints and Productivity-Enhancing Investment",
YEAR=   "2005",
NOTE=   "NBER Working Paper 11349"}


@TECHREPORT{rogoff,
AUTHOR={Maurice Obstfeld and Kenneth Rogoff},
TITLE={The Six Major Puzzles in International Macroeconomics: Is There a Common Cause?},
YEAR=2000,
TYPE={NBER Working Papers},
NUMBER={7777}
}






@ARTICLE{kaminsky,
AUTHOR={Kaminsky, Graciela and Reinhart, Carmen},
TITLE={On crises, contagion, and confusion},
JOURNAL={Journal of International Economics},
YEAR=2000,
VOLUME={51},
NUMBER={1},
PAGES={145-168}
}


@ARTICLE{glick,
AUTHOR={Glick, Reuven and Rose, Andrew K.},
TITLE={Contagion and trade: Why are currency crises regional?},
JOURNAL={Journal of International Money and Finance},
YEAR=1999,
VOLUME={18},
NUMBER={4},
PAGES={603-617}
}

@ARTICLE{camarazza,
AUTHOR={Caramazza, Francesco and Ricci, Luca and Salgado, Ranil},
TITLE={International financial contagion in currency crises},
JOURNAL={Journal of International Money and Finance},
YEAR=2004,
VOLUME={23},
NUMBER={1},
PAGES={51-70}
}

@TECHREPORT{frankel,
AUTHOR={Jeffrey A. Frankel and Eduardo A. Cavallo},
TITLE={Does Openness to Trade Make Countries More Vulnerable to Sudden Stops, Or Less? Using Gravity to Establish Causality},
YEAR=2004,
TYPE={NBER Working Paper},
NUMBER={10957}
}

@TECHREPORT{gupta,
AUTHOR={Gupta, Poonam and Mishra, Deepak and Sahay, Ratna},
TITLE={Output Response to Currency Crises},
YEAR=2003,
INSTITUTION={International Monetary Fund},
TYPE={IMF Working Papers},
NUMBER={03/230}
}

@TECHREPORT{dooley,
AUTHOR={Michael P. Dooley},
TITLE={Can Output Losses Following International Financial Crises be Avoided?},
YEAR=2000,
TYPE={NBER Working Paper},
NUMBER={7531}
}

@ARTICLE{hong,
AUTHOR={Hong, Kiseok and Tornell, Aaron},
TITLE={Recovery from a currency crisis: some stylized facts},
JOURNAL={Journal of Development Economics},
YEAR=2005,
VOLUME={76},
NUMBER={1},
PAGES={71-96}
}

@TECHREPORT{campa,
AUTHOR={Campa, Jose M.},
TITLE={Exchange rate crises and bilateral trade flows in Latin America},
YEAR=2002,
INSTITUTION={IESE Business School},
TYPE={IESE Research Papers},
NUMBER={D/470}
}

@TECHREPORT{ma,
AUTHOR={Zihui Ma and Leonard Cheng},
TITLE={The Effects of Financial Crises on International Trade},
YEAR=2003,
TYPE={NBER Working Paper},
NUMBER={10172}
}

@ARTICLE{kletzer,
AUTHOR={Kletzer, Kenneth and Bardhan, Pranab},
TITLE={Credit markets and patterns of international
trade},
JOURNAL={Journal of Development Economics},
YEAR=1987,
VOLUME={27},
NUMBER={1},
PAGES={57-70}
}



@UNPUBLISHED{kamil,
AUTHOR= {Kamil, Herman},
TITLE={A new database on the currency composition and maturity structure of firms' balance-sheet in Latin America, 1990-2002},
YEAR=2004,
NOTE= {Inter-American Development Bank}
}


@UNPUBLISHED{fischer,
AUTHOR= {Fischer, Stanley},
TITLE={The Asian Crisis: The Return of Growth},
YEAR=1999,
NOTE= {Speech, International Monetary Fund}
}


@TECHREPORT{rogoff,
AUTHOR={Maurice Obstfeld and Kenneth Rogoff},
TITLE={The Six Major Puzzles in International Macroeconomics: Is There a Common Cause?},
YEAR=2000,
TYPE={NBER Working Papers},
NUMBER={7777}
}





@ARTICLE{head,
AUTHOR={Head, Keith and Mayer, Thierry},
TITLE={Non-Europe : The Magnitude and Causes of Market Fragmentation in the EU},
JOURNAL={ Weltwirtschaftliches Archiv},
YEAR=2000,
VOLUME={136},
NUMBER={2},
PAGES={285-314},
}



@UNPUBLISHED{berman_berthou_th,
AUTHOR= {Berman, Nicolas and Berthou, Antoine},
TITLE={Exchange Rate Movements and International Trade under Foreign Currency Borrowing},
YEAR=2006,
NOTE= {mimeo University Paris 1 Panth\'{e}on-Sorbonne}
}

@UNPUBLISHED{krugman1,
AUTHOR= {Krugman, Paul},
TITLE=  {Analytical afterthoughts on the Asian crisis},
YEAR=   1999,
NOTE=   {mimeo}
}

@UNPUBLISHED{krugman2,
AUTHOR= {Krugman, Paul},
TITLE=  {Balance sheets, the transfer problem, and financial crisis},
YEAR=   1999,
NOTE=   {mimeo}
}

@ARTICLE{aghion1,
AUTHOR=     {Aghion, Philippe and Bachetta, Philippe and Banerjee, Abhijit},
TITLE=      {Currency crises and monetary policy in a economy with credit constraints},
JOURNAL=    {European Economic Review},
YEAR=       2001,
VOLUME=     {45},
NUMBER=     {7},
PAGES=      {1121-1150}
}

@UNPUBLISHED{bacchetta,
AUTHOR= {Bacchetta, Philippe},
TITLE=  {Monetary policy with foreign currency debt},
YEAR=   2000,
NOTE=   {Working Paper Study Center Gerzenzee, Lausanne}
}


@TECHREPORT{chang,
AUTHOR={Luis Felipe Cespedes and Roberto Chang and Andres Velasco},
TITLE={Balance Sheets and Exchange Rate Policy},
YEAR=2000,
TYPE={NBER Working Paper},
NUMBER={7840}
}

@TECHREPORT{cespedes,
AUTHOR={Luis Felipe Cespedes and Roberto Chang and Andres Velasco},
TITLE={IS-LM-BP in the Pampas},
YEAR=2002,
TYPE={NBER Working Paper},
NUMBER={9337}
}

@ARTICLE{aghiar,
AUTHOR={Aguiar, Mark},
TITLE={Investment, devaluation, and foreign currency exposure: The case of Mexico},
JOURNAL={Journal of Development Economics},
YEAR=2005,
VOLUME={78},
NUMBER={1},
PAGES={95-113}
}

@ARTICLE{beck05,
AUTHOR={Thosten Beck and Asli Demirguc-Kunt and Vojislav Maksimovic},
TITLE={Financial and Legal Constraints to Firm Growth: Does Size
Matter?},
JOURNAL={Journal of Finance},
YEAR=2005,
VOLUME={60},
NUMBER={1},
PAGES={137-177}
}


@UNPUBLISHED{chinoy,
AUTHOR= {Chinoy, Sajjid},
TITLE=  {Currency Risk Premia and Unhedged, Foreign-Currency Borrowing in Emerging Markets},
YEAR=   2001,
NOTE=   {Mimeo Stanford University}
}

@ARTICLE{galiani,
AUTHOR={Galiani, Sebastian and Levy Yeyati, Eduardo and Schargrodsky, Ernesto},
TITLE={Financial dollarization and debt deflation under a currency board},
JOURNAL={Emerging Markets Review},
YEAR=2003,
VOLUME={4},
NUMBER={4},
PAGES={340-367}
}

@ARTICLE{patrap2,
AUTHOR={Pratap, Sangeeta and Urrutia, Carlos},
TITLE={Firm dynamics, investment and debt portfolio: balance sheet effects of the Mexican crisis of 1994},
JOURNAL={Journal of Development Economics},
YEAR=2004,
VOLUME={75},
NUMBER={2},
PAGES={535-563}
}

@ARTICLE{patrap,
AUTHOR={Pratap, Sangeeta and Lobato, Ignacio and Somuano, Alejandro},
TITLE={Debt composition and balance sheet effects of exchange rate volatility in Mexico: a firm level analysis},
JOURNAL={Emerging Markets Review},
YEAR=2003,
VOLUME={4},
NUMBER={4},
PAGES={450-471}
}


@ARTICLE{echeverry,
AUTHOR={Echeverry, Juan Carlos and Fergusson, Leopoldo and Steiner, Roberto and Aguilar, Camila},
TITLE={'Dollar' debt in Colombian firms: are sinners punished during devaluations?},
JOURNAL={Emerging Markets Review},
YEAR=2003,
VOLUME={4},
NUMBER={4},
PAGES={417-449}
}

@ARTICLE{carranza,
AUTHOR={Carranza, Luis J. and Cayo, Juan M. and Galdon-Sanchez, Jose E.},
TITLE={Exchange rate volatility and economic performance in Peru: a firm level analysis},
JOURNAL={Emerging Markets Review},
YEAR=2003,
VOLUME={4},
NUMBER={4},
PAGES={472-496}
}

@ARTICLE{benavente,
AUTHOR={Benavente, Jose Miguel and Johnson, Christian A. and Morande, Felipe G.},
TITLE={Debt composition and balance sheet effects of exchange rate depreciations: a firm-level analysis for Chile},
JOURNAL={Emerging Markets Review},
YEAR=2003,
VOLUME={4},
NUMBER={4},
PAGES={397-416}
}

@TECHREPORT{deardorff,
AUTHOR={Deardorff, Alan},
TITLE={Financial Crisis, Trade, and Fragmentation},
YEAR=2000,
INSTITUTION={Michigan - Research Forum on International Economics},
TYPE={Research Paper},
NUMBER={458}
}

@TECHREPORT{clark,
AUTHOR={Clark, Peter and Tamirisa, Natalia and Wei, Shang-Jin and Sadikov, Azim and Zeng, Li},
TITLE={Exchange Rate Volatility and Trade FlowsSome New Evidence},
YEAR=2004,
NUMBER={International Monetary Fund Report 458}
}


@ARTICLE{klaassen,
AUTHOR={Klaassen, Franc},
TITLE={Why is it so difficult to find an effect of exchange rate risk on trade?},
JOURNAL={Journal of International Money and Finance},
YEAR=2004,
VOLUME={23},
NUMBER={5},
PAGES={817-839}
}


@ARTICLE{nucci,
AUTHOR={Nucci, Francesco and Pozzolo, Alberto F.},
TITLE={Investment and the exchange rate: An analysis with firm-level panel data},
JOURNAL={European Economic Review},
YEAR=2001,
VOLUME={45},
NUMBER={2},
PAGES={259-283}
}

@TECHREPORT{eichengreen,
AUTHOR={Barry Eichengreen and Michael D. Bordo},
TITLE={Crises Now and Then: What Lessons from the Last Era of Financial Globalization},
YEAR=2002,
TYPE={NBER Working Paper},
NUMBER={8716}
}

@TECHREPORT{goldfajn,
AUTHOR={Ilan Goldfajn and Sergio R.C. Werlang},
TITLE={The pass-through from depreciation to inflation : a panel study},
YEAR=2000,
INSTITUTION={Department of Economics PUC-Rio (Brazil)},
TYPE={Discussion Paper},
NUMBER={423}
}

@UNPUBLISHED{becker,
AUTHOR= {Becker, Bo and Greenberg, David},
TITLE=  {Financial Development and International Trade},
YEAR=   2004,
NOTE=   {mimeo}
}

@UNPUBLISHED{reynaud,
AUTHOR= {Reynaud, Julien and Rokhim, Rofikoh},
TITLE=  {Do banking crises enhance efficiency? A case study of 1994 Turksih and 1997 Indonesian crises},
YEAR=   2005,
NOTE=   {mimeo University Paris 1}
}

@TECHREPORT{dreher,
AUTHOR={Axel Dreher and Bernhard Herz and Volker Karb},
TITLE={Is There a Causal Link between Currency and Debt Crises?},
YEAR=2004,
INSTITUTION={Economics Working Paper Archive EconWPA},
NUMBER={0404005}
}

@TECHREPORT{herz,
AUTHOR={Bernhard Herz and Hui Tong},
TITLE={The Interactions between Debt and Currency Crises : Common Causes or Contagion?},
YEAR=2003,
INSTITUTION={mimeo Bayreuth University}
}

@ARTICLE{reinhart2,
AUTHOR={Carmen M. Reinhart},
TITLE={Default, Currency Crises, and Sovereign Credit Ratings},
JOURNAL={World Bank Economic Review},
YEAR=2002,
VOLUME={16},
NUMBER={2},
PAGES={151-170}
}


@TECHREPORT{corsetti,
AUTHOR={Giancarlo Corsetti and Bartosz Mackowiak},
TITLE={Nominal Debt and the Dynamics of Currency Crises},
YEAR=2000,
INSTITUTION={Economic Growth Center, Yale University},
TYPE={Working Paper},
NUMBER={820}
}

@ARTICLE{rose,
AUTHOR={Rose, Andrew K.},
TITLE={One reason countries pay their debts: renegotiation and international trade},
JOURNAL={Journal of Development Economics},
YEAR=2005,
VOLUME={77},
NUMBER={1},
PAGES={189-206}
}


@TECHREPORT{rose2,
AUTHOR={Frankel, Jeffrey A and Rose, Andrew K},
TITLE={Currency Crashes in Emerging Markets: Empirical Indicators},
YEAR=1996,
TYPE={CEPR Discussion Papers},
NUMBER={1349}
}


@ARTICLE{kraay,
AUTHOR={Kraay, Aart},
TITLE={Do high interest rates defend currencies during speculative attacks?},
JOURNAL={Journal of International Economics},
YEAR=2003,
VOLUME={59},
NUMBER={2},
PAGES={297-321}
}


@TECHREPORT{eichengreen2,
AUTHOR={Eichengreen, Barry and Rose, Andrew K and Wyplosz, Charles},
TITLE={Contagious Currency Crises},
YEAR=1996,
TYPE={C.E.P.R. Discussion Papers},
NUMBER={1453}
}


@ARTICLE{pozo,
AUTHOR={Pozo, Susan and Amuedo-Dorantes, Catalina},
TITLE={Statistical distributions and the identification of currency crises},
JOURNAL={Journal of International Money and Finance},
YEAR=2003,
VOLUME={22},
NUMBER={4},
PAGES={591-609},
}



@UNPUBLISHED{caprio,
AUTHOR= {Caprio, Gerard and Klingebiel, Daniela},
TITLE=  {Episodes of Systemic and Borderline Banking Crises},
YEAR=   2002,
NOTE=   {Mimeo WorldBank}
}


@TECHREPORT{detragiache,
AUTHOR={Detragiache, Enrica and Spilimbergo, Antonio},
TITLE={Crises and Liquidity - Evidence and Interpretation},
YEAR=2001,
INSTITUTION={International Monetary Fund},
TYPE={Working Paper},
NUMBER={01/2}
}


@ARTICLE{martin05,
AUTHOR={Martin, Philippe and Mayer, Thierry and Thoenig, Mathias},
TITLE={Make Trade not War?},
JOURNAL={Review of Economic Studies},
YEAR=2008,
VOLUME={Forthcoming}}


@ARTICLE{rauch,
AUTHOR={Rauch, James E.},
TITLE={Networks versus markets in international trade},
JOURNAL={Journal of International Economics},
YEAR=1999,
VOLUME={48},
NUMBER={1},
PAGES={7-35}
}

@Article{broda_wienstein,
  author={Broda, Christian and Weinstein, David},
  title={Globalization and the Gains from Variety},
  journal={The Quarterly Journal of Economics},
  year=2006,
  volume={121},
  number={2},
  pages={541-585}}





@TECHREPORT{thesmar,
AUTHOR={Bertrand, Marianne and Schoar, Antoinette and Thesmar, David},
TITLE={Banking Deregulation and Industry Structure: Evidence from the French Banking Reforms of 1985},
YEAR=2004,
TYPE={CEPR Discussion Papers},
NUMBER={4488}
}

@TECHREPORT{howitt,
AUTHOR={Aghion, Philippe and Howitt, Peter},
TITLE={Appropriate Growth Policy: A Unifying Framework},
YEAR=2005,
TYPE={mimeo}
}


@TECHREPORT{mayer,
AUTHOR={Thierry Mayer and Soledad Zignago},
TITLE={Market Access in Global and Regional Trade},
YEAR=2005,
INSTITUTION={CEPII Working Paper 2005-02}
}

@ARTICLE{kr99,
AUTHOR={Graciela L. Kaminsky and Carmen M. Reinhart},
TITLE={The Twin Crises: The Causes of Banking and Balance-of-Payments Problems},
JOURNAL={American Economic Review},
YEAR=1999,
VOLUME={89},
NUMBER={3},
PAGES={473-500},
}

@ARTICLE{gold85,
AUTHOR=     "Goldstein, M. and Kahn, H.S.",
TITLE=      "Income and Price Effects in Foreign Trade",
JOURNAL=    "Handbook of International Economimcs",
YEAR=       "1985",
VOLUME=     "2",
PAGES=      "1041-1105"}


@TECHREPORT{calvo,
AUTHOR={Calvo, G. and Izquierdo, A. and Mejia, L.-F.},
TITLE={On the Empirics of Sudden Stops: The Relevance of Balance-Sheet Effects},
YEAR=2003,
Type ={NBER Working Paper},
NUMBER={10520}
}


@ARTICLE{baldwin,
AUTHOR={Baldwin, Richard and Krugman, Paul},
TITLE={Persistent Trade Effects of Large Exchange Rate Shocks},
JOURNAL={The Quarterly Journal of Economics},
YEAR=1989,
VOLUME={104},
NUMBER={4},
PAGES={635-54}
}


@ARTICLE{krugman80,
AUTHOR={Krugman, Paul},
TITLE={Scale Economies, Product Differentiation, and the Pattern of Trade},
JOURNAL={American Economic Review},
YEAR=1980,
VOLUME={70},
NUMBER={5},
PAGES={950-59},
}


@TECHREPORT{cespedes2,
AUTHOR={Cespedes, L.-F.},
TITLE={Financial Frictions and Large Devaluations},
YEAR=2005,
TYPE={Banco Central de Chile Working Paper},
NUMBER={318}
}

@Article{baldwin88,
  author={Baldwin, Richard},
  title={Hyteresis in Import Prices: The Beachhead Effect},
  journal={American Economic Review},
  year=1988,
  volume={78},
  number={4},
  pages={773-85}
}

@Article{dixit1989a,
  author={Dixit, Avinash K},
  title={Entry and Exit Decisions under Uncertainty},
  journal={Journal of Political Economy},
  year=1989,
  volume={97},
  number={3},
  pages={620-38}}




@Article{dixit89b,
  author={Dixit, Avinash K},
  title={Hysteresis, Import Penetration, and Exchange Rate Pass-Through},
  journal={The Quarterly Journal of Economics},
  year=1989,
  volume={104},
  number={2},
  pages={205-28}}




@UNPUBLISHED{imf2003,
AUTHOR= "Clark, P. and Tamirisa, N. and Wei, S.-J. and Sadikov, A. and Zeng, L.",
TITLE=  "Exchange Rate Volatility and Trade Flows - Some New Evidence",
YEAR=   "2004",
NOTE=   "IMF Working Paper"}


@ARTICLE{baldwin89,
AUTHOR=     "Baldwin, R. and Krugman, P.",
TITLE=      "Persistent Trade Effects of Large Exchange Rate Shocks",
JOURNAL=    "Quarterly Journal of Economics",
YEAR=       "1989",
VOLUME=     "419",
PAGES=      "635-654"}


@ARTICLE{dutta2004,
AUTHOR=     "Duttagupta, R. and Spilimbergo, A.",
TITLE=      "What Happened to Asian Exports during the crisis?",
JOURNAL=    "IMF Staff Papers",
YEAR=       "2004",
VOLUME=     "51",
NUMBER=     "1"}

@UNPUBLISHED{gold2000,
AUTHOR= "Goldfajn, I. and Werlang, S.",
TITLE=  "The Pass-through from Depreciation to Inflation: A Panel Study",
YEAR=   "2000",
NOTE=   "Working Paper 416, Department of Economics, PUC-RIO, Brazil"}


@ARTICLE{bvw2003,
AUTHOR=     "Bacchetta, P. and Van Wincoop, E.",
TITLE=      "A theory of the currency denomination of international trade",
JOURNAL=    "Forthcoming in Journal of International Economics",
YEAR=       "2005",
VOLUME=     "",
PAGES=      ""}


@ARTICLE{bah2004,
AUTHOR=     "Bahmani-Oskooee, M. and Ratha, A.",
TITLE=      "The J-curve : a literature review",
JOURNAL=    "Applied Economics",
YEAR=       "2004",
VOLUME=     "36(13)",
PAGES=      "1377-1398"}




@UNPUBLISHED{caprio,
AUTHOR= {Caprio, Gerard and Klingebiel, Daniela},
TITLE=  {Episodes of Systemic and Borderline Banking Crises},
YEAR=   2002,
NOTE=   {Manuscript WorldBank}
}


@UNPUBLISHED{ma2003,
AUTHOR= "Ma, Z. and Cheng, L.",
TITLE=  "The Effects of Financial Crises on International Trade",
YEAR=   "2003",
NOTE=   "NBER Working Paper 10172"}

@UNPUBLISHED{campa2001,
AUTHOR= "Campa, J.M.",
TITLE=  "Exchange rate crises and Bilateral Trade flows in Latin America",
YEAR=   "2001",
NOTE=   "IESE Research Papers D/470"}



@ARTICLE{beck2003,
AUTHOR=     "Beck, T.",
TITLE=      "Financial Dependence and International Trade",
JOURNAL=    "Review of International Economics",
YEAR=       "2003",
VOLUME=     "11 (2)",
PAGES=      "296-316"}

@ARTICLE{beck2002,
AUTHOR=     "Beck, T.",
TITLE=      "Financial Development and International trade: is there a link?",
JOURNAL=    "Journal of International Economics",
YEAR=       "2002",
VOLUME=     "57",
PAGES=      "107-131"}

@UNPUBLISHED{becker2004,
AUTHOR= "Becker, B. and Greenberg, D.",
TITLE=  "Financial Development and International Trade",
YEAR=   "2004",
NOTE=   "Manuscript"}

@ARTICLE{krugman1980,
AUTHOR=     "Krugman, P.",
TITLE=      "Scale Economies, Product Differenciation, and the Pattern of Trade",
JOURNAL=    "American Economic Review",
YEAR=       "1980",
VOLUME=     "70",
PAGES=      "950-959"}


@ARTICLE{abb2001,
AUTHOR=     "Aghion, P. and Bachetta, P. and Banerjee, A.",
TITLE=      "Currency crises and monetary policy in a economy with credit constraints",
JOURNAL=    "European Economic Review",
YEAR=       "2001",
VOLUME=     "45",
NUMBER=     "7",
PAGES=      "1121-1150"}


@ARTICLE{abb2004,
AUTHOR=     "Aghion, P. and Bachetta, P. and Banerjee, A.",
TITLE=      "Financial Development and the Instability of Open Economices",
JOURNAL=    "Journal of Monetary Economics",
YEAR=       "2004",
VOLUME=     "51",
NUMBER=     "6",
PAGES=      "1077-1106"}

@UNPUBLISHED{bachetta2000,
AUTHOR= "Bachetta, P.",
TITLE=  "Monetary policy with foreign currency debt",
YEAR=   "2000",
NOTE=   "Working Paper Study Center Gerzenzee, Lausanne"}

@INCOLLECTION{Krugman-87,
  author = {Krugman, P.},
  editor = {Arndt, S.W. and Richardson, J.D.},
  year = 1987,
  title = {Pricing-To-Market When the Exchange Rate Changes},
  booktitle = {Real-Financial Linkages Among Open Economies},
  pages = {49-70},
  publisher = {MIT Press},
  address = {Cambridge MA}
}

@UNPUBLISHED{krugman1999a,
AUTHOR= "Krugman, P.",
TITLE=  "Analytical afterthoughts on the Asian crisis",
YEAR=   "1999a",
NOTE=   "Manuscript"}

@ARTICLE{krugman1999b,
AUTHOR=     "Krugman, P.",
TITLE=  "Balance Sheets, the Transfer Problem, and Financial Crises",
JOURNAL=    "International Tax and Public Finance",
YEAR=   "1999b",
VOLUME= "6",
NUMBER= "4",
PAGES=  "459-472"}


@ARTICLE{ccv2004,
AUTHOR=     "Cespedes, L.-F., and Chang, R., and Velasco, A.",
TITLE=      "Balance Sheets and exchange rate policy",
JOURNAL=    "American Economic Review",
YEAR=       "2004",
VOLUME=     "94",
NUMBER=     "4",
PAGES=      "1183-1193"}


@UNPUBLISHED{eichengreen2000,
AUTHOR= "Eichengreen, B. and Hausman, R.",
TITLE=  "Exchange rate and financial fragility",
YEAR=   "2000",
NOTE=   "NBER Working Paper no. 7418"}


@INCOLLECTION{eichengreen2003,
  AUTHOR =      "Eichengreen, B. and Hausmann, R. and Panizza, U.",
  TITLE =       "The Mystery of Original Sin",
  YEAR =        "2003",
  BOOKTITLE =   "Other People's Money: Debt Denomination and Financial Instability in Emerging Market Economics.",
  PUBLISHER =   "Eichengreen and Hausmann eds",
  PAGES  =      ""}

@ARTICLE{mckinnon98,
AUTHOR=     "McKinnon, R. and Pill, H.",
TITLE=      "International Overborrowing: a decomposition of credit and currency risks",
JOURNAL=    "World Development",
YEAR=       "1998",
VOLUME=     "7",
PAGES=      "1267-1282"}


@UNPUBLISHED{tornell2000,
AUTHOR= "Schneider, M. and Tornell, A.",
TITLE=  "Balance-sheets effects, bailout guarantees and financial crises",
YEAR=   "2000",
NOTE=   "NBER Working Paper 8060"}


@ARTICLE{burnside2001,
AUTHOR=     "Burnside, A.C. and Eicheinbaum, M. and Rebelo, S.",
TITLE=      "Hedging and Financial fragility in fixed exchange rate regimes",
JOURNAL=    "European Economic Review",
YEAR=       "2001",
VOLUME=     "45 (7)",
PAGES=      "1151-1193"}


@UNPUBLISHED{jeanne2000,
AUTHOR= "Jeanne, O.",
TITLE=  "Why Do Emerging Economies Borrow in Foreign Currency?",
YEAR=   "2003",
NOTE=   "CEPR Discussion Paper 4030"}

@UNPUBLISHED{berman05,
AUTHOR= "Berman, N. and Berthou, A.",
TITLE=  "Exchange rate movements and International Trade under Foreign currency Borrowing",
YEAR=   "2006",
NOTE=   "Manuscript Paris I University"}


@ARTICLE{gold78,
AUTHOR=     "Goldstein, M. and Kahn, H.S.",
TITLE=      "The supply and demand for exports: a simultaneous approach",
JOURNAL=    "Review of Economics and Statistics",
YEAR=       "1978",
VOLUME=     "60",
PAGES=      "275-286"}

@ARTICLE{gold85,
AUTHOR=     "Goldstein, M. and Kahn, H.S.",
TITLE=      "Income and Price Effects in Foreign Trade",
JOURNAL=    "Handbook of International Economimcs",
YEAR=       "1985",
VOLUME=     "2",
PAGES=      "1041-1105"}

@UNPUBLISHED{camarero2003,
AUTHOR= "Camarero, M. and Tamarit, C.",
TITLE=  "Estimating exports and imports demand for Manufactured goods: The role of FDI",
YEAR=   "2003",
NOTE=   "European Economy Group Working Paper 22"}


@UNPUBLISHED{stock1989,
AUTHOR= "Stock, J. and Watson, M.",
TITLE=  "New Indexes Of Coincident And Leading Economic Indicators",
YEAR=   "1989",
NOTE=   "NBER Reprints 1380, National Bureau of Economic Research"}


@UNPUBLISHED{levin1992,
AUTHOR= "Levin, A. and Lin, C.-F.",
TITLE=  "Unit root tests in panel data: asymptotic and finite-sample properties",
YEAR=   "1992",
NOTE=   "UC San Diego, Working Paper 92-23"}


@UNPUBLISHED{levin1993,
AUTHOR= "Levin, A. and Lin, C.-F.",
TITLE=  "Unit root tests in panel data: new results",
YEAR=   "1993",
NOTE=   "UC San Diego, Working Paper 93-56"}

@ARTICLE{im2003,
AUTHOR=     "Im, K.S. and Pesaran, M.H. and Shin, Y.",
TITLE=      "Testing for unit roots in heterogeneous panels",
JOURNAL=    "Journal of Econometrics",
YEAR=       "2003",
VOLUME=     "115",
PAGES=      "53-74"}

@ARTICLE{wu1999,
AUTHOR=     "Maddala, G.S. and Wu, S.",
TITLE=      "A Comparative Study of Unit Root Tests With Panel Data and a New Simple Test",
JOURNAL=    "Oxford Bulletin of Economics and Statistics",
YEAR=       "1999",
PAGES=      "pp. 631.652"}

@ARTICLE{kao1999,
AUTHOR=     "Kao, C.",
TITLE=      "Spurious regression and residual-based tests for cointegration in panel data",
JOURNAL=    "Journal of Econometrics",
YEAR=       "1999",
VOLUME=     "90",
PAGES=      "1-44"}

@UNPUBLISHED{cameron2005,
AUTHOR= "Cameron, R. and C\^{o}t\'{e}, D. and Graham, C.",
TITLE=  "Economic Integration in Europe: its effects on Canada",
YEAR=   "2005",
NOTE=   "Working Paper Bank of Canada"}

@ARTICLE{kao2000,
AUTHOR=     "Kao, C. and Chiang, M-H.",
TITLE=      "On the Estimation and Inference of a Cointegrated Regression in Panel Data",
JOURNAL=    "Advances in Econometrics",
YEAR=       "2000",
VOLUME=     "15",
PAGES=      "179-222"}


@UNPUBLISHED{tornwest2003,
AUTHOR= "Tornell, A. and Westermann, F.",
TITLE=  "Credit Market Imperfections in Middle Income Countries",
YEAR=   "2003",
NOTE=   "NBER Working Paper 9737"}

@UNPUBLISHED{geloswern1999,
AUTHOR= "Gelos, R. and Werner, A.",
TITLE=  "Financial Liberalization, Credit Constraints, and Collateral: Investment in the Mexican Manufacturing Sector",
YEAR=   "1999",
NOTE=   "IMF Working Paper No. 99/25"}

@UNPUBLISHED{bernard98,
AUTHOR= "Bernard, A. and Wagner, J.",
TITLE=  "Export Entry and Exit by German Firms",
YEAR=   "1998",
NOTE=   "NBER Working Paper 6538"}

@Article{deloecker2007,
  author={De Loecker, Jan},
  title={Do exports generate higher productivity? Evidence from Slovenia},
  journal={Journal of International Economics},
  year=2007,
  volume={73},
  number={1},
  pages={69-98},
}

@Article{vanbiesebroeck_2005,
  author={Van Biesebroeck, Johannes},
  title={Exporting raises productivity in sub-Saharan African manufacturing firms},
  journal={Journal of International Economics},
  year=2005,
  volume={67},
  number={2},
  pages={373-391}
}

@TechReport{park_2009,
  author={Albert Park and Dean Yang and Xinzheng Shi and Yuan Jiang},
  title={Exporting and Firm Performance: Chinese Exporters and the Asian Financial Crisis},
  year=2009,
  month=Jan,
  institution={National Bureau of Economic Research, Inc},
  type={NBER Working Papers},
}
@Article{dunlevy,
  author={Dunlevy, James A},
  title={A Test of the Capacity Pressure Hypothesis within a Simultaneous Equations Model of Export Performance},
  journal={The Review of Economics and Statistics},
  year=1980,
  volume={62},
  number={1},
  pages={131-35},
}

   @article{ball_etal,
     title = {The Relationship Between United Kingdom Export Performance in Manufactures and the Internal Pressure of Demand},
     author = {Ball, R. J. and Eaton, J. R. and Steuer, M. D.},
     journal = {The Economic Journal},
     volume = {76},
     number = {303},
     year = {1966}
     }


@Article{Zilberfarb,
  author={Zilberfarb, Ben-Zion},
  title={Domestic Demand Pressure, Relative Prices and the Exports Supply Equation-More Empirical Evidence},
  journal={Economica},
  year=1980,
  volume={47},
  number={188},
  pages={443-50}
}

@Article{Berman2010206,
  author={Berman, Nicolas and H\'ericourt, J\'er\^ome},
  title={Financial factors and the margins of trade: Evidence from cross-country firm-level data},
  journal={Journal of Development Economics},
  year=2010,
  volume={93},
  number={2},
  pages={206-217}
}


@Article{olley,
  author={Olley, Steven and Pakes, Ariel},
  title={The Dynamics of Productivity in the Telecommunications Equipment Industry},
  journal={Econometrica},
  year=1996,
  volume={64},
  number={6},
  pages={1263-1297}
}

@Article{Wagner07,
  author={Wagner, Joachim},
  title={Exports and Productivity: A Survey of the Evidence from Firm-level Data},
  journal={The World Economy},
  year=2007,
  volume={30},
  number={1},
  pages={60-82}
}

@article{,
author={}
title = "",
journal = "",
volume = "30",
number = "1",
pages = "206 - 217",
year = "",
}

@Article{haynes_stone,
  author={Haynes, Stephen E and Stone, Joe A},
  title={Secular and Cyclical Responses of U.S. Trade to Income: An Evaluation of Traditional Models},
  journal={The Review of Economics and Statistics},
  year=1983,
  volume={65},
  number={1},
  pages={87-95}
}



@Article{head_ries,
  author={Head, Keith and Ries, John},
  title={Heterogeneity and the FDI versus export decision of Japanese manufacturers},
  journal={Journal of the Japanese and International Economies},
  year=2003,
  volume={17},
  number={4},
  pages={448-467}}

@Article{girma_greenaway_kneller,
  author={Girma, Sourafel and Greenaway, David and Kneller, Richard},
  title={Does Exporting Increase Productivity? A Microeconometric Analysis of Matched Firms},
  journal={Review of International Economics},
  year=2004,
  volume={12},
  number={5},
  pages={855-866}}

  @Article{mayer_ottviano2008,
  author={Mayer, Thierry and Ottaviano, Gianmarco },
  title={The Happy Few: The Internationalisation of European Firms},
  journal={Intereconomics: Review of European Economic Policy},
  year=2008,
  volume={43},
  number={3},
  pages={135-148}}






@UNPUBLISHED{chinoy01,
AUTHOR= "Chinoy, S.",
TITLE=  "Currency Risk Premia and Unhedged, Foreign-Currency Borrowing in Emerging Markets",
YEAR=   "2001",
NOTE=   "Stanford, Center of Research on Economic Development and Policy Reform, Working Paper 109"}

@Article{bjrs,
  author={Bernard, A. and Jensen, Bradford and Redding, Stephen and Schott, Peter},
  title={Firms in International Trade},
  journal={Journal of Economic Perspectives},
  year=2007,
  volume={21},
  number={3},
  pages={105-130}
}


@Article{melitz_ottaviano,
  author={Melitz, M. and Ottaviano, G.},
  title={Market Size, Trade, and Productivity},
  journal={Review of Economic Studies},
  year=2008,
  volume={75},
  number={1},
  pages={295-316}}





@UNPUBLISHED{kawai03,
AUTHOR= "Kawai, M. and Hahm, H. and Iarossi, G.",
TITLE=  "Corporate Foreign Debt in East Asia:
Too Much or Too Little?",
YEAR=   "2003",
NOTE=   "WorldBank Working Paper"}

@ARTICLE{terra2003,
AUTHOR=     "Terra, M.C.",
TITLE=      "Credit Constraints in Brazilian Firms: Evidence from
Panel Data",
JOURNAL=    "Revista Brasileira de Economia",
YEAR=       "2003",
VOLUME=     "57",
PAGES=      "443-464"}

@UNPUBLISHED{deardorff2000,
AUTHOR= "Deardorff, A.",
TITLE=  "Financial Crisis, Trade, and Fragmentation",
YEAR=   "2000",
NOTE=   "The University of Michigan, School of Public Policy, Discussion Paper No. 458"}

@ARTICLE{martinezwerner2002,
AUTHOR=     "Martinez, L. and Werner, A.",
TITLE=      "The exchange rate regime and the currency
composition of corporate debt:
the Mexican experience",
JOURNAL=    "Journal of Development Economics",
YEAR=       "2002",
VOLUME=     "69",
PAGES=      "315334"}

@UNPUBLISHED{burgerwarnock2003,
AUTHOR= "Burger, J. and Warnock, E.",
TITLE=  "Diversification, Original Sin, and International Bond Portfolios",
YEAR=   "2003",
NOTE=   "Board of Governors of the Federal Reserve System, International Finance Discussion Papers, Number 755"}

@UNPUBLISHED{braun2003,
AUTHOR= "Braun, M.",
TITLE=  "Financial Contractibility and Asset Hardness",
YEAR=   "2003",
NOTE=   "Harvard University, Department of Economics Working Paper"}

@UNPUBLISHED{manova2005,
AUTHOR= "Manova, K.",
TITLE=  "Credit Constraints in Trade: Financial development and export composition",
YEAR=   "2005",
NOTE=   "Harvard University, Department of Economics Working Paper"}


@TECHREPORT{breitung,
AUTHOR={Breitung, J. and M.H. Pesaran},
TITLE={Unit Roots and Cointegration in Panels},
YEAR=2005,
TYPE={CESifo Working Paper Series}
}

@TECHREPORT{im,
AUTHOR={Im, K.S and Pesaran, M.H. and Shin, Y.},
TITLE={Testing for Units Roots in Heterogenous Panels},
YEAR=1997,
TYPE={WP, Department of Applied Econometrics, University of Cambridge}
}

@ARTICLE{maddala,
AUTHOR={ Maddala, G.S. and Wu, S.},
TITLE={ A Comparative Study of Unit Root Tests with Panel Data and a New Simple Test},
JOURNAL={Oxford Bulletin of Economics and Statistics},
YEAR=1999,
VOLUME={61},
NUMBER={0},
PAGES={631-52}
}

@ARTICLE{pedroni,
AUTHOR={Pedroni, P.},
TITLE={Critical Values for Cointegration Tests in Heterogeneous Panels with Multiple Regressors},
JOURNAL={Oxford Bulletin of Economics and Statistics},
YEAR=1999,
VOLUME={61},
NUMBER={0},
PAGES={653-70}
}

@TECHREPORT{kao,
AUTHOR={C. Kao and M.-H. Chiang},
TITLE={On the Estimation and Inference of a Cointegrated Regression in Panel Data},
YEAR=1997,
TYPE={Manuscript}
}

@TECHREPORT{mark,
AUTHOR={N.C. Mark and D. Sul},
TITLE={Cointegration Vector Estimation by Panel DOLS and Long-Run Money Demand},
YEAR=2002,
INSTITUTION={National Bureau of Economic Research, Working Paper},
NUMBER={0287}
}

@ARTICLE{stock,
AUTHOR={Stock, J.H. and Watson, M.W.},
TITLE={A Simple Estimator of Cointegrating Vectors in Higher Order Integrated Systems},
JOURNAL={Econometrica},
YEAR=1993,
VOLUME={61},
NUMBER={4},
PAGES={783-820}
}



@ARTICLE{pedroni2,
AUTHOR={Pedroni, P.},
TITLE={Purchasing Power Parity Tests In Cointegrated Panels},
JOURNAL={The Review of Economics and Statistics},
YEAR=2001,
VOLUME={83},
NUMBER={4},
PAGES={727-731}
}


@Article{corsetti_dedola,
  author={Corsetti, Giancarlo and Dedola, Luca},
  title={A macroeconomic model of international price discrimination},
  journal={Journal of International Economics},
  year=2005,
  volume={67},
  number={1},
  pages={129-155}}



@ARTICLE{chaney2008,
AUTHOR={Chaney, T.},
TITLE={Distorted Gravity: The Intensive and Extensive Margins of International Trade },
JOURNAL={American Economic Review},
YEAR=2008,
VOLUME={Forthcoming}
}



@unpublished{Claessens,
AUTHOR={Stijn Claessens and Konstantinos Tzioumis},
TITLE={Measuring firms' access to
finance''},
YEAR=2006,
TYPE={Mimeo, World Bank}
}


@unpublished{eaton08,
AUTHOR={Eaton,J. and Kortum, S. and Kramarz, F.},
TITLE={An Anatomy of International Trade: Evidence from French Firms},
YEAR=2008,
TYPE={Mimeo}
}

@ARTICLE{burn04,
AUTHOR={Burstein, A. and Eichenbaum, M. and Rebelo, S.},
TITLE={Large Devaluations and the Real Exchange Rate},
JOURNAL={Journal of Political Economy},
YEAR=2005,
VOLUME={113},
NUMBER={4},
PAGES={742-784},
}

@ARTICLE{whited,
AUTHOR={Toni Whited},
TITLE={Debt, Liquidity Constraints, and Corporate
Investment: Evidence from Panel Data},
JOURNAL={Journal of Finance},
YEAR=1992,
VOLUME={47},
NUMBER={4},
PAGES={1425-1460},
}

@ARTICLE{fazzari,
AUTHOR={Steven Fazzari and Glenn Hubbard and Kenneth Petersen},
TITLE={Financing Constraints and Corporate Investment},
JOURNAL={Brookings Papers on Economic
Activity},
YEAR=1988,
VOLUME={1},
PAGES={141-195},

@unpublished{campa05,
AUTHOR={Campa, J.M. and Goldberg, L.},
TITLE={Exchange Rate Pass-Through into Import Prices: A Macro or Micro Phenomenon?},
YEAR=2002,
TYPE={NBER Working Papers},
NUMBER={8934}
}


@ARTICLE{honohan,
AUTHOR={Honohan, Patrick and Klingebiel, Daniela},
TITLE={The fiscal cost implications of an accommodating approach to banking crises},
JOURNAL={Journal of Banking \& Finance},
YEAR=2003,
VOLUME={27},
NUMBER={8},
PAGES={1539-1560}
}

@unpublished{imf,
AUTHOR={IMF},
TITLE={World Economic Outlook},
YEAR=2007,
TYPE={International Monetary Fund Report, April}
}


@unpublished{chinn,
AUTHOR={Chinn, Menzie D.},
TITLE={Supply Capacity, Vertical Specialization and Tariff Rates: The implications of Aggregate U.S. Trade Flows Equations},
YEAR=2005,
TYPE={NBER Working Paper},
NUMBER={11719}
}



@ARTICLE{burgess,
AUTHOR={Burgess, Simon and Knetter, Michael},
TITLE={An International Comparison of Employment Adjustment to Exchange Rate Fluctuations},
JOURNAL={Review of International Economics},
YEAR=1998,
VOLUME={6},
PAGES={151-163}
}


@ARTICLE{hummels,
AUTHOR={Hummels, David and Ishii, Jun and Yi, Kei-Mu},
TITLE={The nature and growth of vertical specialization in world trade},
JOURNAL={Journal of International Economics},
YEAR=2001,
VOLUME={54},
NUMBER={1},
PAGES={75-96}
}


@unpublished{acemoglu,
AUTHOR={Acemoglu, Daron and Johnson, Simon and Mitton, Todd},
TITLE={Determinants of Vertical Integration: Finance, Contracts, and Regulation},
YEAR={2005},
TYPE={NBER Working Papers},
NUMBER={11424}
}

@ARTICLE{laporta,
AUTHOR={Botero, Juan and Djankov, Simeon and La Porta, Rafael and Lopez-De-Silanes, Florencio C. },
TITLE={The Regulation of Labor},
JOURNAL={The Quarterly Journal of Economics},
YEAR=2004,
VOLUME={119},
NUMBER={4},
PAGES={1339-1382}
}


@ARTICLE{djankov,
AUTHOR={Djankov, Simeon and La Porta, Rafael and Lopez-de-Silanes, Florencio and Shleifer, Andrei},
TITLE={The Regulation Of Entry},
JOURNAL={The Quarterly Journal of Economics},
YEAR=2002,
VOLUME={117},
NUMBER={1},
PAGES={1-37},

}



@TECHREPORT{rogoff,
AUTHOR={Obstfeld, Maurice and Rogoff, Kenneth},
TITLE={The Six Major Puzzles in International Macroeconomics: Is There a Common Cause?},
YEAR=2000,
TYPE={NBER Working Papers},
NUMBER={7777}
}


@ARTICLE{blalock,
AUTHOR={Garrick Blalock and Sonali Roy},
TITLE={A Firm-level Examination of the Exports Puzzle: Why East Asian Exports Didn't Increase After the 1997-1998 Financial Crisis},
JOURNAL={The World Economy},
YEAR=2007,
VOLUME={30},
NUMBER={1},
PAGES={39-59}
}


@ARTICLE{chinn04,
AUTHOR={Menzie D. Chinn},
TITLE={Incomes, Exchange Rates and the US Trade Deficit, Once Again},
JOURNAL={International Finance},
YEAR=2004,
VOLUME={7},
NUMBER={3},
PAGES={451-469}}






@ARTICLE{aghion1991,
AUTHOR={Aghion, Philippe and Saint-Paul,
Gilles},
TITLE={On the Virtue of Bad Times: An Analysis of the
Interaction between Productivity Growth and Economic Fluctuations},
JOURNAL={Macroeconomic Dynamics},
YEAR=1998,
VOLUME={2},
NUMBER={3},
PAGES={322-44}}

@ARTICLE{hall1990,
AUTHOR={Hall, Bronwyn H},
TITLE={The Stock Market's Valuation of R\&D Investment during the 1980's},
JOURNAL={American Economic Review},
YEAR=1993,
VOLUME={83},
NUMBER={2},
PAGES={259-64}}

@ARTICLE{modigliani,
AUTHOR={Modigliani, Franco and Miller, Merton H.},
TITLE={The cost of capital, corporation finance and the theory of investment},
JOURNAL={American Economic Review},
YEAR=1958,
VOLUME={48},
NUMBER={3},
PAGES={261-97}}

@ARTICLE{jaramillo,
AUTHOR={Jaramillo, F., Schiantarelli, F. and Weiss, A.},
TITLE={Capital market imperfections before and after financial
liberalization: An Euler equation approach to panel data for Ecuadorian firms},
JOURNAL={Journal of Development Economics},
YEAR=1996,
VOLUME={51},
NUMBER={2},
PAGES={367-386}}

@unpublished{Gali1991,
AUTHOR={Gali, J. and Hammour, J.L.},
TITLE={Long Run Effects of Business Cycles},
YEAR=1992,
TYPE={Columbia Working Paper 92-26}}

@ARTICLE{poncet,
AUTHOR={H\'ericourt, J\'er\^ome and Poncet, Sandra.},
TITLE={FDI and credit constraints: firm level evidence in China},
JOURNAL={Economic Systems},
YEAR=2009,
VOLUME={33},
NUMBER={1},
PAGES={1-21}}


@ARTICLE{bean,
AUTHOR={Bean, Charles R.},
TITLE={Endogenous growth and the procyclical behaviour of productivity},
JOURNAL={European Economic Review},
YEAR=1990,
VOLUME={34},
NUMBER={2-3},
PAGES={355-363}}



@unpublished{bloom,
AUTHOR={Nick Bloom},
TITLE={Uncertainty and the Dynamics of R\&D},
YEAR=2007,
TYPE={NBER Working Papers},
NUMBER={12841}}




@BOOK{schumpeter, AUTHOR={Schumpeter, Joseph A.},
TITLE={Capitalism, Socialism, and Democracy},
PUBLISHER={New York: Harper and Brothers.(Harper Colophon edition, 1976.)},
YEAR={1942}
}


@BOOK{Woolridge-Book-2001,
AUTHOR={Wooldridge, Jeffrey M.},
TITLE={Econometric Analysis of Cross Section and Panel Data},
PUBLISHER={MIT Press Books, The MIT Press},
YEAR={2001},
edition = 1,

}


@ARTICLE{hall93,
AUTHOR={Hall, Robert},
TITLE={Labor Demand, Labor Supply, and Employment Volatility},
JOURNAL={NBER Macroeconomics Annual},
PUBLISHER={Cambridge, MA: MIT Press},
YEAR={1991}}


@ARTICLE{caballero1994,
AUTHOR={Caballero, Ricardo and Hammour, Mohamad},
TITLE={The Cleansing Effect of Recessions},
JOURNAL={American Economic Review},
YEAR=1994,
VOLUME={84},
NUMBER={5},
PAGES={1350-68},
}

@ARTICLE{francois2003,
AUTHOR={Francois, Patrick and Lloyd-Ellis, Huw},
TITLE={Animal Spririts through Creative Destruction},
JOURNAL={American Economic Review},
YEAR=2003,
VOLUME={93},
NUMBER={3},
PAGES={530-50},
}


@ARTICLE{comin06,
AUTHOR={Comin, Diego and Gertler, Mark},
TITLE={Medium-Term Business Cycles},
JOURNAL={American Economic Review},
YEAR=2006,
VOLUME={96},
NUMBER={3},
PAGES={523-51},
}

@ARTICLE{barlevy2007,
AUTHOR={Barlevy, Gadi},
TITLE={On the Cyclicality of Research and Development},
JOURNAL={American Economic Review},
YEAR=2007,
VOLUME={forthcoming}}


@ARTICLE{barlevy04,
AUTHOR={Gadi Barlevy},
TITLE={The Costs of Business Cycles under Endogenous Growth},
JOURNAL={American Economic Review},
YEAR=2004,
VOLUME={94},
NUMBER={4},
PAGES={964-990}}



@ARTICLE{ramey1995,
AUTHOR={Ramey, Garey and Ramey, Valerie A},
TITLE={Cross-Country Evidence on the Link between Volatility and
Growth},
JOURNAL={American Economic Review},
YEAR=1995,
VOLUME={85},
NUMBER={5},
PAGES={1138-51}}




@ARTICLE{griliches90,
AUTHOR={Griliches, Zvi},
TITLE={Patent Statistics as Economic Indicators: a Survey},
JOURNAL={Journal of Economic Literature},
YEAR=1990,
VOLUME={28},
NUMBER={4},
PAGES={1661-1707}}


@ARTICLE{tenreyro,
AUTHOR={Tenreyro, S.},
TITLE={On the Trade Impact of Nominal Exchange Rate Volatility },
JOURNAL={ Journal of Development Economics},
YEAR=2007,
VOLUME={82},
NUMBER={2},
PAGES={485-508},
}



@UNPUBLISHED{arteta2,
AUTHOR= {Arteta, C.},
TITLE={Are Financially Dollarized Countries More Prone to Costly Crises?},
YEAR=2003,
NOTE= {International Finance Discussion Paper 763, Board of Governors of the Federal Reserve System}
}

@Article{arteta1,
  author={Carlos Arteta},
  title={Exchange Rate Regimes and Financial Dollarization: Does Flexibility Reduce Currency Mismatches in Bank Intermediation?},
  journal={Topics in Macroeconomics},
  year=2005,
  volume={5},
  number={1},
  pages={1226-1226}
}



@unpublished{mairesse,
AUTHOR={Benoit Mulkay and Bronwyn H. Hall and
Jacques Mairesse},
TITLE={Firm Level Investment and R\&D in France
and the United States: A Comparison},
YEAR=2001,
TYPE={NBER Working Papers},
NUMBER={8048}}


@unpublished{berthou2011,
AUTHOR={Antoine Berthou and Jules Hugot},
TITLE={How does innovation affects the internationalization patterns of firms?},
YEAR=2011,
TYPE={EFIGE country report},
NUMBER={France}}

@Article{lawless2009,
  author={Lawless, Martina},
  title={Firm export dynamics and the geography of trade},
  journal={Journal of International Economics},
  year=2009,
  volume={77},
  number={2},
  pages={245-254},
}


@unpublished{EEKT2008,
  author={Jonathan Eaton and Marcela Eslava and Maurice Kugler and James Tybout},
  title={Export Dynamics in Colombia: Transactions Level Evidence},
  year=2008,
  note={BANCO DE LA REPÚBLICA WP N.004748},
}




@unpublished{EEKT2007,
  author={Jonathan Eaton and Marcela Eslava and Maurice Kugler and James Tybout},
  title={Export Dynamics in Colombia: Firm-Level Evidence},
  year=2007,
  note={BANCO DE LA REPÚBLICA WP N.446},
}



@unpublished{BUONO2008,
  author={Ines Buono and Harald Fadinger and Stefan Berger},
  title={The Micro Dynamic of Exporting-Evidence from French Firms},
  year=2008,
  note={University of Vienna Economics Papers N.0901},
}




@unpublished{freund_pierola,
  author={Freund, Caroline and Pierola, Martha Denisse} ,
  title={Export Entrepreneurs: Evidence from Peru},
  year=2009,
  note={mimeo},
}

@Article{devereux00,
  author={Devereux, Paul J},
  title={Task Assignment over the Business Cycle},
  journal={Journal of Labor Economics},
  year=2000,
  volume={18},
  number={1},
  pages={98-124},
}

@InCollection{basu01,
  author={Susanto Basu and John Fernald},
  title={Why Is Productivity Procyclical? Why Do We Care?},
  booktitle={New Developments in Productivity Analysis},
  publisher={National Bureau of Economic Research, Inc},
  year=2001,
  series={NBER Chapters},
  pages={225-302},
}

@Article{burnside96,
  author={Burnside, Craig and Eichenbaum, Martin},
  title={Factor-Hoarding and the Propagation of Business-Cycle Shocks},
  journal={American Economic Review},
  year=1996,
  volume={86},
  number={5},
  pages={1154-74},
}


@Article{burnside93,
  author={Burnside, Craig and Eichenbaum, Martin and Rebelo, Sergio},
  title={Labor Hoarding and the Business Cycle},
  journal={Journal of Political Economy},
  year=1993,
  volume={101},
  number={2},
  pages={245-73},
}

@Article{faini94,
  author={Faini, Riccardo},
  title={Export supply, capacity and relative prices},
  journal={Journal of Development Economics},
  year=1994,
  volume={45},
  number={1},
  pages={81-100},
}

@unpublished{deloecker10,
  author={Jan De Loecker},
  title={A Note on Detecting Learning by Exporting},
  year=2010,
  type={NBER Working Papers 16548},
}
@Article{blum2011,
  author={Blum, Bernardo S. and Claro, Sebastian and Horstmann, Ignatius J.},
  title={Occasional and perennial exporters},
  journal={Journal of International Economics},
  year=2013,
  volume={90},
  number={1},
  pages={65-74}


@Article{anderson_yotov,
  author={James E. Anderson and Yoto V. Yotov},
  title={The Changing Incidence of Geography},
  journal={American Economic Review},
  year=2010,
  volume={100},
  number={5},
  pages={21572186}

  @InCollection{Lafourcade_Thisse,
AUTHOR={Miren Lafourcade and Jacques-François Thisse},
EDITOR={A. de Palma, R. Lindsey, E. Quinet, R. Vickerman},
TITLE={New Economic Geography: the Role of Transport Costs},
BOOKTITLE={A Handbook of Transport Economics},
PUBLISHER={Cheltenham: Edward Elgar Publishing Ltd.},
YEAR={2011}
PAGES={6795}}
}


  @InCollection{Behar_Venables,
AUTHOR={Alberto Behar and Anthony J. Venables},
EDITOR={A. de Palma, R. Lindsey, E. Quinet, R. Vickerman},
TITLE={Transport costs and International Trade},
BOOKTITLE={A Handbook of Transport Economics},
PUBLISHER={Cheltenham: Edward Elgar Publishing Ltd.},
YEAR={2011}
PAGES={97114}}
}

  @InCollection{Head_Mayer04,
AUTHOR={Keith Head and Thierry Mayer},
EDITOR={J.V. Henderson, J.F. Thisse},
TITLE={ The empirics of agglomeration and trade},
BOOKTITLE={Handbook of Regional ad Urban Economics, Volume IV},
PUBLISHER={Amsterdam: North-Holland},
YEAR={2004}
PAGES={26092669}}
